3067 4959
1343 318 1887 397 EPISTOLA.

396 524 744 619 imitari„
782 520 1012 618 majus
1039 528 1286 591 tamen
1313 518 1592 617 aliquid
1617 518 1987 591 institutio
2012 516 2353 605 contulit,
2384 519 2874 617 sapientiam3

399 648 508 725 ita
539 660 756 725 natus
789 668 890 730 es,
927 652 1014 716 ut
1047 642 1348 717 maximi
1377 663 1591 741 reges
1626 640 1889 730 solent,
1928 642 2031 715 ita
2064 642 2425 717 educatus
2450 652 2539 717 ut
2572 648 2877 743 optimi.

403 771 664 869 Ecqua
695 768 890 842 enim
927 764 1072 841 fuit
1103 790 1430 867 unquam
1469 766 1846 856 solicitior,
1876 778 2007 841 aut
2040 768 2361 841 sanctior
2393 768 2472 839 in
2498 768 2689 843 aulis
2730 770 2881 843 dis-

403 892 676 991 ciplina
695 899 729 963 Ρ
779 888 1028 966 Deum
1065 916 1152 967 ae
1178 902 1518 991 parentes
1554 888 1822 981 colere,
1860 914 2149 967 servare
2176 890 2479 968 modum
2508 893 2587 965 in
2612 896 2875 982 rebus,

399 1014 708 1092 blandas
741 1014 1198 1091 adulantium
1239 1013 1534 1089 fraudes
1587 1014 1913 1115 rejicere,
1969 1016 2293 1091 tribuere
2344 1040 2549 1090 suam
2589 1020 2879 1119 cuique

401 1138 732 1231 laudem,
749 1138 1070 1237 benigne
1093 1138 1420 1241 singulos
1445 1164 1532 1215 ac
1556 1138 1955 1225 liberaliter
1974 1141 2339 1238 excipere,
2362 1140 2537 1217 dare
2564 1167 2879 1242 operam

403 1262 665 1339 studiis
718 1264 1118 1352 literarum,
1172 1276 1252 1339 et
1309 1263 1671 1367 quidquid
1722 1277 1835 1339 est
1884 1266 2244 1340 bonarum
2298 1265 2565 1339 artium
2618 1270 2879 1341 animo
2998 1265 3000 1295 ⁴

405 1387 823 1488 complecti,
863 1389 1024 1465 haec
1059 1400 1232 1465 sunt
1267 1390 1647 1489 sapientiae
1692 1391 1998 1478 monita,
2052 1416 2219 1491 quae
2254 1400 2335 1464 et
2362 1388 2708 1465 lubenter
2744 1416 2879 1465 au·
2999 1382 3000 1385 '

403 1512 542 1601 dis,
583 1524 662 1589 et
693 1526 956 1614 sponte
989 1515 1338 1613 sequeris.
1419 1513 1626 1589 Hinc
1662 1539 1805 1613 ego
1836 1517 1913 1587 in
1950 1538 2113 1588 eam
2148 1539 2353 1614 spem
2387 1513 2599 1589 facile
2634 1514 2875 1591 addu·
2999 1522 3000 1531 ‘

405 1662 558 1725 cor,
599 1637 714 1713 Te
740 1637 880 1712 hoc
917 1636 1455 1737 qualecumque
1481 1640 1579 1713 sit
1610 1636 2162 1727 munusculum,
2196 1662 2346 1711 non
2374 1662 2533 1715 esse
2564 1640 2877 1739 despec-

407 1773 709 1856 turum;
748 1764 1022 1863 quippe
1055 1786 1197 1838 nec
1231 1772 1360 1841 tus
1392 1762 1470 1851 id
1505 1764 1699 1837 sinet
1728 1760 2167 1850 humanitas,
2204 1788 2375 1862 quae
2408 1777 2691 1840 summa
2722 1776 2875 1853 est,

405 1910 548 1963 nec
585 1898 758 1961 tuus
803 1886 882 1961 in
927 1910 1084 1977 rem
1120 1886 1510 1977 literarium
1548 1908 1775 1973 amor,
1828 1886 1957 1985 qui
1992 1886 2423 1985 quotidiano
2454 1887 2873 1965 studiorum

403 2036 548 2091 usu
568 2010 810 2109 alitur,
841 2023 919 2089 et
943 2022 1283 2113 augetur.
1349 2010 1641 2115 Accipe
1666 2035 1870 2115 erg0,
1898 2010 2313 2089 DELPmNE
2336 2012 2867 2100 Sennmssmn,

405 2135 902 2228 venustissimi
934 2144 1182 2235 poetae
1219 2135 1645 2222 comoedias,
1698 2138 1777 2212 in
1813 2136 2081 2233 quibus
2122 2149 2201 2209 et
2232 2136 2483 2211 Latini
2514 2139 2874 2212 aemonis

399 2258 880 2367 elegantiam,
913 2271 994 2335 et
1015 2261 1260 2347 vivam
1295 2282 1585 2345 morum
1620 2258 1999 2357 civilisque
2032 2256 2411 2361 sapientie
2440 2257 2870 2353 imaginem,

405 2396 486 2461 et
521 2385 860 2473 urbanos,
921 2408 1074 2461 non
1128 2385 1348 2459 unius
1393 2383 1619 2467 modi)
1670 2384 1961 2471 comici,
2014 2380 2147 2461 sed
2178 2382 2505 2458 vitorum
2534 2381 2757 2469 etiam
2794 2384 2873 2455 in

404 2510 756 2601 ,Romana
781 2509 1162 2609 republica
1181 2510 1624 2609 principum,
1656 2508 1869 2593 Laelii
1892 2532 1983 2588 ac
2016 2506 2405 2611 Scipionis,
2425 2504 2643 2607 jocos
2670 2507 2877 2595 inve-

407 2634 589 2709 nias.
697 2634 1006 2714 Servent
1041 2634 1157 2710 Te
1193 2634 1317 2711 diu
1359 2632 1514 2719 fata
1546 2636 1711 2733 regi
1742 2644 1820 2711 et
1851 2656 2085 2738 regno
2116 2630 2589 2719 incolumem,
2620 2641 2699 2707 et
2722 2630 2873 2705 Lu-

413 2755 679 2861 dovico
709 2758 996 2859 Magno
1021 2759 1312 2860 parenti
1336 2770 1469 2834 tuo
1494 2782 1748 2858 parem
1776 2756 1892 2833 Te
1917 2767 2293 2856 praestent,
2328 2758 2502 2854 quia
2524 2756 2870 2857 mqiorem

411 2902 562 2955 non
597 2896 930 2982 possunt.
1040 2884 1234 2975 Haec
1270 2894 1444 2960 sunt
1474 2894 1677 2971 vota,

1215 3117 1633 3192 DssLrnmr.
1687 3112 2208 3198 Sannmssmn,

1431 3318 1894 3407 ‚Devotissimi
1926 3334 1999 3393 et
2026 3318 2393 3392 humillimi
2422 3321 2615 3393 servi
2646 3328 2775 3413 tui,

2008 3522 2432 3601 Fiam-:mm
2470 3524 2867 3606 Lem-mm).
