3067 4959
1204 336 1848 404 TERENTIANA.
1942 336 1953 347 '
2666 342 2797 410 lvii.

303 504 454 566 tium
479 520 602 562 non
627 499 960 581 producere
985 496 1284 557 vocalem:
1327 498 1444 559 sed·
1460 500 1667 577 suapte
1693 502 1901 559 natura
1927 500 2035 558 niti
2061 496 2382 561 brevitate:
2428 512 2513 571 ut,
2538 502 2621 577 in,
2648 508 2765 575 sed,

304 586 406 653 od,
435 582 609 663 quod,
650 578 829 647 aliud,
857 575 1062 636 simul.-
1107 576 1166 633 in
1209 577 1422 656 quibus
1461 579 1563 655 qui
1682 580 1879 637 terunt
1916 598 1953 637 o
2032 591 2189 637 rtere
2229 589 2590 670 postremum
2630 582 2767 641 elidi

310 664 688 727 elementum,
716 656 1097 715 vehementer·
1116 658 1404 714 errarunt.
1491 656 1569 714 Se
1641 656 1811 735 longe
1839 657 1951 716 faci
1976 656 2065 715 ius
2093 656 2151 714 in
2194 657 2505 735 disjunctis
2527 660 2769 721 vocibus

313 748 648 817 correptam
673 734 932 793 vocalem
962 745 1225 805 tenuere,
1251 734 1433 812 quam
1455 734 1512 791 in
1544 733 1897 811 conjunctis.¹
1976 738 2062 794 At
2087 736 2145 792 in
2174 737 2504 812 conjunctis
2532 738 2614 796 ita
2633 758 2769 816 pro-

311 816 692 883 nunciabant,
717 824 784 871 ut
810 812 1072 890 positura
1095 812 1234 870 niln'l
1255 812 1488 871 afferret
1505 832 1690 871 morae
1705 813 1994 871 brevitati.
2052 813 2149 873 Sic
2174 814 2434 884 insidias,
2456 826 2515 873 et
2535 816 2769 894 inferos,

311 896 561 975 primam
589 891 918 971 producere
956 890 1265 949 dixerunt:
1306 891 1706 950 indicationem
1748 902 1943 951 autem
1986 902 2047 951 et
2092 892 2398 960 incautum,
2452 894 2767 971 corripere.

313 978 520 1040 Quare
537 970 587 1029 si
609 969 796 1029 hocin
817 986 934 1026 uno
954 980 1145 1027 tractu
1167 988 1240 1028 ac
1257 980 1463 1027 tenore
1489 968 1807 1037 faciebant,
1838 970 2021 1029 multo
2042 969 2403 1029 commodius
2422 971 2769 1049 interposito

313 1070 390 1111 eo
430 1049 756 1117 intervallo,
804 1047 964 1124 quod
1004 1047 1283 1124 separatis
1309 1047 1552 1105 vocibus
1592 1047 1860 1118 debetur,
1901 1047 2131 1107 efficere
2171 1048 2447 1107 debuere.
2528 1050 2683 1109 Nam
2719 1050 2771 1109 si

313 1129 496 1199 dicas,
537 1129 597 1188 r'n
637 1124 884 1195 sedibus,
922 1136 1100 1203 atque
1137 1125 1217 1183 ibi
1257 1125 1593 1203 praepositio
1630 1126 1821 1184 brevis
1848 1127 1942 1196 sit,
2015 1146 2105 1184 uae
2130 1126 2189 1183 in
2230 1126 2303 1185 ea
2342 1128 2769 1206 compositione

308 1208 486 1285 longa
505 1206 730 1273 fuisset,
751 1202 975 1281 quanto
1003 1202 1196 1281 aptius
1215 1203 1410 1261 brevis
1429 1203 1561 1270 erit,
1589 1203 1635 1261 si
1666 1204 1847 1275 dicas,
1876 1206 1937 1263 in
1964 1148 2109 1264 diem
2130 1229 2152 1263 .-
2197 1224 2327 1283 quae
2354 1206 2400 1263 si
2430 1224 2767 1283 compones,

311 1286 500 1344 brevis
528 1302 764 1361 quoque
793 1282 952 1339 erit?
1035 1282 1330 1339 Praeterea
1355 1280 1901 1352 animadvertemus,
1930 1284 2101 1361 quam
2132 1282 2403 1342 celeriter
2427 1285 2638 1343 multas
2664 1298 2769 1343 vo-

311 1364 470 1423 cales
509 1360 955 1441 pronunciando
989 1359 1419 1437 expediverint,
1464 1371 1528 1418 ut
1571 1360 1747 1418 etiam
1788 1380 1922 1419 cum
1962 1361 2343 1439 sequentibus
2384 1362 2773 1423 obscurarint.

317 1441 418 1500 Sic
443 1440 596 1499 enim
623 1440 684 1496 in
712 1439 843 1508 illis,
869 1439 1035 1504 scias,
1060 1457 1206 1507 sace,
1233 1438 1533 1514 tuoe,fuit,
1562 1438 1703 1508 dies,
1721 1440 1871 1509 deos,
1888 1440 2053 1519 prius
2072 1464 2097 1499 .·
2181 1458 2271 1497 uae
2296 1438 2625 1499 efficiebant
2644 1460 2769 1499 mo-

311 1519 648 1597 nosyllabaz
689 1517 772 1576 ita
801 1536 876 1575 ex
905 1516 1138 1574 duobus
1179 1514 1613 1591 comparativis,
1652 1516 1864 1595 potius,
1892 1516 2107 1585 melius,
2138 1460 2297 1575 ‘duos
2336 1518 2773 1578 constituebant

309 1597 696 1677 pyrrhichios.
779 1594 930 1653 Nam
957 1592 1456 1673 quemadmodum
1483 1612 1885 1653 mensuremus
1911 1614 2138 1658 versum
2166 1594 2329 1653 illum
2354 1614 2435 1654 ex
2458 1596 2733 1656 Andria?

761 1698 906 1745 Dabit
924 1713 1090 1746 nemo:
1130 1698 1332 1743 inveniet
1351 1697 1531 1759 inopem
1555 1694 1705 1759 potius
1727 1693 1859 1759 qul-m
1882 1706 1929 1747 te
1944 1700 2169 1761 corrumpi
2191 1699 2320 1747 sinat.

336 1782 346 1789 ”
391 1788 656 1847 Necesse
683 1788 840 1847 enim
863 1798 954 1847 est
979 1806 1055 1845 ex
1073 1785 1304 1845 duabus
1332 1784 1577 1843 vocibus
1604 1784 1712 1853 his,
1730 1787 1926 1864 potius
1954 1787 2143 1864 quam,
2174 1804 2355 1843 unum
2375 1787 2591 1864 pedem
2610 1786 2769 1846 fieri:

313 1866 474 1947 quod
503 1877 569 1924 ut
597 1865 833 1934 efficias,
861 1866 1044 1923 multa
1083 1862 1262 1943 prius,
1291 1882 1363 1921 ac
1391 1862 1639 1921 mirabili
1668 1874 1807 1939 eget
1845 1862 2314 1941 interpolatione.
2395 1864 2478 1921 Er
2520 1882 2557 1921 o
2593 1866 2689 1923 vul
2735 1864 2773 1923 ὃ

315 1945 403 2003 ita
428 1962 666 2021 quoque
692 1943 923 2001 locutos
947 1955 1112 2023 puto,
1142 1960 1258 1999 non
1288 1941 1510 2001 laturos
1550 1960 1857 2000 scenarum
1898 1940 2246 2009 barbariem,
2289 1960 2419 2019 quae
2499 1961 2533 1999 e
2581 1961 2675 1999 me
2718 1942 2776 1999 'o

317 2034 580 2081 sumeret
627 2039 972 2078 sermonem.
1052 2021 1124 2077 In
1147 2019 1263 2077 hac
1291 2030 1486 2078 tamen
1515 2038 1579 2076 re
1608 2031 1667 2077 et
1696 2016 2100 2095 disceptarunt
2140 2018 2326 2087 multi,
2368 2031 2429 2077 et
2456 2036 2572 2076 non
2601 2020 2777 2096 pauci

321 2100 630 2157 errarunt:
671 2096 827 2155 sicut
853 2108 912 2155 et
937 2098 1038 2167 illi,
1069 2096 1168 2175 qui
1205 2096 1446 2156 reddere
1473 2097 1787 2155 voluerunt
1830 2094 2113 2154 rationem
2156 2116 2463 2155 versuum:
2506 2094 2641 2155 cum
2680 2096 2779 2155 alii

319 2188 522 2235 essent
549 2174 877 2246 cui-tissimi,
905 2176 1000 2235 alii
1029 2175 1176 2235 aded
1215 2174 1392 2251 longi,
1423 2187 1489 2233 ut
1515 2175 1656 2232 nihil
1687 2174 1866 2232 libeat
1893 2194 2027 2232 cum
2070 2174 2341 2233 Plautino
2369 2174 2657 2252 trapezita
2682 2180 2779 2250 jo·

323 2254 477 2392 carii:
495 2254 840 2389 dumlunum
865 2255 1078 2326 scribo,
1109 2253 1371 2335 explevit
1397 2252 1535 2310 mihi
1580 2265 1735 2313 totas
1762 2271 1927 2311 ceras
1956 2264 2241 2330 quatuor:
2284 2266 2538 2333 quantus
2562 2252 2661 2315 ille
2688 2262 2781 2313 est

318 2352 396 2392 ex
485 2352 637 2391 unuc
657 2350 718 2389 ιο
736 2351 755 2389 2

521 2447 592 2497 Et
611 2446 854 2511 magnifica
875 2449 1037 2498 νεὼς
1071 2451 1210 2497 verba
1230 2448 1337 2505 dum
1362 2446 1480 2503 sint3
1515 2445 1675 2495 verum
1698 2446 1734 2494 si
1757 2447 1815 2497 ad
1835 2461 1931 2498 ren
1953 2446 2255 2503 conferentur,
2280 2448 2521 2511 vapulabit.

391 2552 562 2617 Quan
609 2568 766 2620 uam,
795 2548 896 2609 bic
924 2569 1162 2629 quoque
1189 2551 1265 2609 ab
1307 2548 1420 2607 illis
1449 2547 1749 2619 dissentio,
1777 2547 1985 2627 ai6que
2012 2548 2161 2609 duos
2187 2568 2388 2608 versus
2414 2567 2543 2608 esse
2560 2570 2579 2607 z
2660 2546 2779 2607 rio-

312 2646 436 2687 rem
467 2642 594 2689 troc
636 2628 830 2687 aicum
858 2628 1172 2687 dimetrum
1200 2627 1865 2705 brachycatalecticum,
1894 2627 2143 2686 alterum
2172 2627 2557 2687 octonarium.
2684 2645 2781 2685 am

311 2704 401 2766 sic
440 2705 869 2786 pronunciavit,
899 2717 966 2765 ut
995 2706 1128 2765 eum
1159 2706 1428 2776 dixisset,
1461 2706 1545 2764 Et
1585 2706 1887 2786 magnifica
1914 2706 2083 2765 verba
2104 2730 2129 2765 .-
2170 2705 2447 2775 substitit‚
2476 2704 2783 2783 afflixitque

319 2784 400 2843 ibi
427 2806 534 2864 pro
575 2783 790 2844 ositum
819 2785 880 2842 in
917 2784 1147 2844 verbis:
1188 2796 1396 2863 postea
1434 2782 1605 2842 simul
1636 2802 1771 2841 cum
1798 2802 1863 2842 re
1893 2783 2136 2843 mutavit
2164 2782 2531 2851 sententiam,
2568 2793 2633 2840 ut
2674 2799 2783 2860 pro

315 2862 488 2923 factis
539 2876 674 2923 acta
693 2862 994 2933 redderet,
1020 2875 1082 2922 et
1102 2864 1348 2921 verbera
1373 2860 1767 2921 minitaretur.
1838 2862 2169 2921 Priscianus
2190 2860 2579 2920 distinctionis
2607 2861 2786 2919 caus&

315 2942 622 3001 breviores
666 2940 939 3005 incertos.
971 2960 1174 3000 versus
1221 2940 1384 2999 dicit.
1493 2938 1715 2998 Verum
1766 2959 1961 3017 neque
2000 2940 2099 2998 ille
2135 2938 2433 2998 distinctio
2471 2938 2599 2997 haec
2641 2937 2785 3016 quid

321 3030 500 3087 esset,
541 3018 895 3077 declaravit:
951 3038 1144 3097 neque
1197 3038 1324 3089 nos,
1370 3018 1512 3098 quid
1571 3016 1680 3075 sibi
1727 3018 1887 3087 velit,
1934 3018 2077 3075 sane
2116 3016 2351 3077 scimus.
2452 3017 2605 3074 Nam
2651 3034 2785 3093 quie

328 3088 632 3153 distinctio
676 3114 804 3153 esse
852 3095 1052 3165 debet,
1095 3116 1212 3155 non
1261 3096 1450 3155 solum
1499 3096 1701 3156 eadem
1754 3095 1813 3152 in
1861 3095 2057 3163 scena,
2114 3093 2219 3151 sed
2273 3093 2449 3152 etiam
2489 3092 2783 3167 persona?

325 3190 537 3252 quaeve
579 3171 636 3229 in
677 3172 864 3249 prima
909 3175 1084 3231 scena
1121 3175 1471 3252 gravissimas
1519 3173 1823 3233 comoediae
1870 3170 2361 3249 Amphitruonis?
2444 3168 2473 3227 1
2516 3188 2584 3227 so
2629 3168 2789 3229 enim

325 3252 600 3329 ingressu
640 3250 836 3308 statim
877 3268 1159 3330 nusquam
1199 3253 1307 3311 sibi
1351 3263 1605 3312 constat.
1693 3254 1821 3311 Aut
1866 3250 2097 3330 qualem
2139 3248 2197 3305 in
2238 3250 2309 3305 ea
2333 3266 2473 3306 scen
2512 3290 2529 3318 ,
2571 3246 2630 3304 in
2672 3250 2791 3327 qua

321 3328 668 3408 Pamphilus
709 3328 786 3387 de
823 3328 1005 3408 patris
1045 3329 1260 3391 duritia
1305 3330 1623 3410 queritur?
1685 3330 1785 3408 qui
1826 3329 1885 3387 in
1929 3326 2137 3387 eodem
2182 3338 2529 3405 argumento
2573 3345 2787 3405 propo-

317 3406 552 3486 sit6que
576 3417 871 3487 perstaret
898 3409 1356 3488 conquestionis,
1385 3419 1443 3468 et
1473 3408 1827 3468 tetrametris
1854 3406 1999 3465 illud
2025 3404 2270 3464 inseruit
2296 3404 2645 3476 dimetrum

1227 3524 1370 3579 Quod
1391 3524 1428 3573 si
1450 3524 1518 3583 fit,
1540 3540 1675 3587 pereo
1697 3522 1915 3571 funditus.

399 3624 544 3695 Alii,
561 3634 632 3683 ut
645 3623 757 3683 sibi
775 3623 1144 3693 videbantur,
1167 3622 1480 3694 acutiores,
1499 3624 1532 3680 ὲ
1551 3624 1725 3682 rebus
1746 3622 1885 3700 ipsis
1908 3621 2067 3691 duci,
2092 3641 2208 3681 non
2225 3620 2414 3683 solum
2434 3624 2652 3702 pedum
2671 3633 2791 3685 sta·-

319 3714 467 3773 tum,
485 3714 591 3762 aut
605 3722 866 3773 cursum,
885 3704 990 3761 sed
1008 3704 1182 3761 etiam
1200 3721 1474 3761 versuum
1505 3712 1731 3760 tractus
1748 3700 2088 3779 prodidere:
2117 3702 2175 3759 in
2205 3720 2268 3759 re
2294 3704 2636 3778 perturbata
2662 3720 2790 3761 mu-

325 3780 436 3838 tari
455 3798 674 3851 versus,
693 3780 996 3860 pedesque
1020 3780 1178 3861 ipsos
1198 3779 1511 3840 confundis
1546 3779 1605 3836 in
1626 3778 1931 3839 celeritate
1951 3778 2281 3837 trochaicus
2298 3778 2487 3837 trudi:
2516 3780 2793 3857 gravibus

327 3858 588 3935 personis
613 3858 886 3918 statarios
911 3878 1212 3919 sermones
1237 3857 1476 3917 confieri
1517 3874 1594 3915 ex
1636 3856 1947 3935 spondeis.
2033 3856 2306 3915 Afferunt
2347 3856 2465 3915 huc
2512 3876 2630 3916 non
2670 3870 2795 3917 tam

326 3953 438 4013 pro
459 3946 628 4003 teste,
651 3936 826 4014 quam
849 3956 958 4015 pro
977 3937 1182 4029 judice
1202 3936 1583 4014 virgilianam
1606 3935 1996 4014 prudentiam,
2020 3934 2270 3994 divinam
2293 3934 2447 3992 illam
2466 3936 2607 3995 sane
2622 3936 2793 3995 mihiz

327 4011 433 4091 qui
457 4031 577 4070 rem
599 4018 906 4077 verborum
937 4028 1128 4075 nitore
1149 4034 1222 4073 ac
1249 4032 1627 4072 numerorum
1658 4012 2056 4072 concinnitate
2083 4012 2269 4073 oculis
2294 4012 2585 4092 subjiciat.
2662 4014 2715 4074 E
2758 4032 2797 4072 ο

325 4089 476 4150 νει-ὁ
505 4101 571 4147 ut
593 4091 797 4151 horum
839 4092 1204 4187 diligentiam
1243 4104 1555 4150 veneratus
1593 4110 1744 4161 sum,
1786 4109 1960 4181 quam
2002 4092 2273 4169 equidem
2314 4102 2481 4151 tanto
2512 4093 2707 4153 studio
2734 4111 2797 4150 in

327 4168 478 4227 meis
507 4170 788 4244 poematis
803 4190 1134 4249 exprimere
1161 4181 1408 4229 conatus
1425 4168 1669 4229 fuerim:
1701 4168 1785 4227 ita
1802 4188 1861 4225 m
1882 4170 2183 4229 comoediis
2200 4170 2401 4228 falsam
2428 4172 2797 4261 simulatque

325 4263 824 4325 supervacaneam
851 4248 1252 4308 animadverti.
1335 4248 1490 4307 Nam
1519 4249 1569 4306 si
1596 4250 1655 4306 in
1726 4266 2061 4306 ersonarum
2101 4248 2347 4307 statibus
2372 4247 2631 4315 diversis,
2660 4264 2705 4303 si
2734 4246 2797 4303 in

329 4322 644 4385 contrariis
687 4327 955 4402 negotiis,
993 4328 1042 4385 si
1083 4327 1140 4385 in
1179 4326 1508 4385 fabularum
1552 4328 1815 4403 partubus
1854 4326 2108 4387 maxime
2134 4327 2289 4386 inter
2314 4346 2377 4385 se
2404 4321 2795 4392 dissimilibus,

327 4402 486 4462 idem
516 4420 644 4479 pes,
671 4402 826 4461 idem
895 4405 1070 4464 edum
1099 4405 1263 4476 ordo,
1292 4402 1448 4462 idem
1489 4404 1813 4463 carminum
1853 4424 2039 4483 genus
2080 4403 2453 4465 ostendatur:
2486 4406 2609 4474 jam
2637 4398 2801 4459 nulla

325 4498 512 4542 causa
537 4492 650 4551 est,
677 4482 818 4561 quin
887 4502 1056 4542 orum
1083 4481 1391 4552 sententia,
1420 4492 1697 4559 tanquam
1725 4501 1873 4541 vana
1900 4484 2272 4562 explodatur.
2328 4479 2491 4553 Ergo
2516 4476 2574 4532 in
2605 4474 2802 4538 divina

325 4558 549 4631 fabula,
579 4578 652 4621 ac
679 4561 816 4619 vere
843 4562 1144 4629 thesauro,
1186 4560 1360 4638 quam
1390 4560 1502 4618 levi
1531 4560 1699 4619 nimis
1741 4559 1815 4619 de
1856 4562 2034 4619 causa
2062 4560 2466 4640 Trinumm-um
2506 4552 2804 4633 inscripsit

335 4636 607 4708 Plautus,
635 4638 896 4717 protasis
919 4638 1188 4697 trimetro
1215 4638 1466 4697 iambico
1507 4648 1635 4695 tota
1674 4648 1939 4696 constat=
1982 4637 2121 4694 item
2171 4630 2425 4707 epitasis,
2472 4640 2599 4687 tum
2642 4644 2804 4689 cata-

336 4716 598 4795 strophe.
655 4716 902 4777 stichus
927 4716 965 4776 e
993 4715 1310 4788 contrario,
1330 4726 1459 4777 tota
1483 4714 1801 4774 trochaicis
1824 4712 2032 4788 longis·
2086 4710 2157 4765 In
2186 4704 2553 4766 Matellarifl
2575 4706 2805 4763 adole·-
