3067 4959
322 342 407 389 cx
1196 308 1926 378 PROLEGOMENA

328 492 417 539 est
448 480 710 556 Hecyra,
736 474 841 535 sed
870 492 985 533 non
1013 472 1257 551 placuit,
1290 482 1355 530 ut
1370 482 1463 531 est
1488 470 1547 528 in
1577 468 1925 530 didascaliis.
2027 466 2198 526 Prius
2225 478 2423 527 tamen
2453 467 2511 525 in
2553 486 2801 527 scenam

326 557 615 635 producta
643 567 731 613 εει
764 554 1023 629 Hecyra,
1052 552 1227 629 quam
1268 549 1549 626 Adelphi,
1594 562 1660 607 ut
1687 548 1902 625 colligo
1941 566 2018 605 ex
2061 548 2324 615 Donato,
2365 547 2466 624 qui
2509 547 2692 606 dicit:
2741 558 2802 606 et

300 640 536 713 fictam
565 642 618 693 et
646 634 855 691 editam
877 630 1074 708 quinto
1100 628 1241 688 Ioco.
1340 628 1523 695 Male,
1568 639 1632 685 ut
1673 626 2036 685 audivimus:
2088 624 2196 683 nisi
2239 626 2482 702 perinde
2523 624 2802 685 habueris

329 713 571 793 primam
600 710 753 769 illius
794 708 1132 777 editionem,
1164 708 1274 765 Cn.
1304 707 1576 776 Octavio,
1621 704 1695 760 T.
1725 704 1956 762 Manlio
1985 705 2148 762 Coss.
2179 704 2344 781 quasi
2373 704 2612 761 omnino
2641 704 2804 764 edita

328 810 446 849 non
476 802 649 859 esset,
678 786 810 846 cum
843 805 1035 866 neque
1062 794 1347 863 spectata,
1378 802 1572 860 neque
1599 796 1734 842 acta
1761 794 1904 840 tunc
1931 782 2036 840 sit:
2083 802 2274 860 neque
2303 794 2426 839 tum
2457 782 2610 840 male
2639 781 2803 840 dices

331 868 539 947 quinto
563 868 717 932 loco,
742 865 873 923 cum
946 863 1194 921 roducta
1221 875 1311 920 est
1340 862 1427 919 his
1455 861 1608 919 ludis
1632 860 1976 919 funebribus
2006 860 2226 918 AEmilii
2259 860 2424 917 Pauli
2453 872 2590 917 ante
2614 860 2804 917 Adel-

330 948 499 1025 phos.
579 947 777 1011 Quare
818 962 891 1001 au
936 941 1141 999 iendus
1169 959 1285 999 non
1314 951 1404 999 est
1432 939 1720 1007 Donatus,
1753 938 1850 1017 qui
1880 957 2006 995 eam
2036 938 2276 997 secundo
2308 937 2424 997 loco
2451 948 2633 996 actam
2661 940 2800 997 dicit

332 1025 501 1084 etiam
527 1032 643 1081 tum
672 1022 809 1079 rudi
833 1020 1055 1079 nomine
1074 1022 1281 1098 poc‘tae,
1310 1020 1503 1096 itaque
1520 1020 1600 1076 sic
1623 1017 2077 1093 pronunciatum,
2101 1016 2356 1092 Adelphi
2381 1014 2666 1086 Terentii,
2689 1038 2798 1075 non

334 1100 593 1161 Terentii
630 1098 883 1176 Adelphi
904 1120 921 1155 ε
949 1094 1102 1175 quod
1118 1096 1302 1155 adhuc
1322 1094 1628 1169 defabulae
1655 1095 1835 1173 magis
1861 1094 2082 1153 nomine
2099 1098 2290 1173 poeta,
2317 1096 2480 1171 qufim
2509 1096 2581 1151 de
2653 1098 2796 1153 οέἰαε

330 1180 552 1240 nomine
568 1176 771 1252 silbula
800 1176 1298 1235 commendaretur.
1378 1177 1525 1239 Quae
1552 1172 1732 1231 futilis
1759 1172 2190 1249 argumentatio
2217 1184 2340 1229 est:
2371 1191 2500 1229 nam
2531 1191 2608 1229 nu
2635 1172 2690 1229 la
2711 1172 2792 1230 fa·

331 1242 599 1317 bularum
631 1254 895 1315 Terentii
920 1252 1305 1331 pronunciata
1332 1263 1423 1309 est
1451 1250 1734 1319 Terentii,
1757 1250 2013 1327 exempli
2042 1250 2230 1327 gratia
2258 1249 2554 1318 Phormio,
2589 1250 2791 1308 Heau-

332 1334 874 1402 tontimorumenos,
902 1342 1216 1408 antequam
1243 1328 1477 1389 tertium
1502 1329 1852 1388 edoceretur
1883 1329 2224 1387 Eunuchus.
2309 1326 2500 1405 quue
2523 1329 2794 1386 observat

334 1414 609 1473 Donatus
624 1410 963 1489 praefatione
992 1408 1049 1465 in
1082 1408 1454 1478 Eunuchum,
1484 1406 1718 1477 tertium
1752 1406 1966 1465 editam
1993 1406 2173 1464 fuisse
2203 1418 2336 1484 post
2367 1406 2791 1484 Aldelphorum

334 1490 667 1549 editionem.

1291 1692 1846 1753 ARGUMENTA

827 1788 1293 1866 PHILIPPI
1354 1786 2306 1865 MELANCHTHONIS

990 1908 1067 1955 IN
1104 1904 1343 1955 PUBLII
1376 1903 1716 1951 TERENTII
1751 1903 2149 1955 COMOEDIAS.

1252 2004 1353 2062 IN
1405 2003 1891 2062 ANDRIAM.

423 2102 694 2164 NULLUS
722 2113 813 2161 est
840 2100 1075 2161 omniuo
1102 2099 1214 2159 scri
1260 2110 1353 2157 tor
1380 2098 1437 2156 in
1466 2098 1682 2157 Latina
1708 2099 1928 2177 lingua,
1958 2118 2130 2177 quem
2161 2112 2466 2179 tantopere
2495 2102 2794 2180 cognosci,

342 2182 643 2259 ediscique
670 2180 954 2249 retulerit,
984 2192 1161 2258 atque
1202 2121 1564 2236 ferentium.
1668 2178 1816 2233 Nam
1848 2177 1979 2235 cum
2019 2177 2204 2255 prima
2231 2180 2409 2237 virtus
2446 2180 2504 2237 in
2535 2182 2797 2239 oratione

342 2259 420 2317 sit
446 2258 676 2337 proprie
703 2258 882 2336 loqui,
910 2276 1021 2315 nec
1050 2256 1267 2335 proprii
1294 2254 1575 2312 sermonis
1607 2254 1886 2313 artificem
1931 2256 2224 2315 meliorem
2265 2258 2542 2315 Terentio
2583 2260 2797 2317 habea·

344 2355 493 2405 mus,
522 2336 734 2413 dignus
762 2336 931 2413 plane
960 2346 1069 2403 est,
1096 2334 1155 2390 in
1198 2352 1316 2410 quo
1356 2332 1742 2409 perdiscendo
1784 2334 2092 2411 plurimum
2137 2355 2322 2413 operae
2362 2354 2431 2393 ac
2466 2337 2647 2393 studii
2691 2358 2798 2415 po-

345 2432 567 2473 namus.
672 2414 749 2471 Et
776 2415 849 2472 ab
879 2414 947 2471 iis
974 2412 1072 2491 qui
1102 2410 1317 2470 docent
1358 2430 1591 2489 pueros,
1621 2412 2082 2489 superstitiosam
2127 2413 2298 2472 etiam
2337 2413 2698 2491 diligentiam
2739 2415 2799 2471 in

342 2488 460 2551 hoc
486 2504 727 2552 auctore
756 2492 1081 2550 enarrando
1108 2489 1361 2569 requiro.
1458 2489 1717 2547 Primum
1757 2492 1994 2567 prodest
2033 2511 2288 2562 monere,
2327 2512 2454 2570 quae
2495 2493 2800 2551 comoedioe

348 2581 556 2629 natura
582 2570 676 2639 sit,
718 2568 932 2647 quidve
971 2588 999 2625 s
1041 2568 1293 2626 ectarint
1320 2566 1738 2626 comoediarum
1781 2580 2085 2628 auctores:
2127 2590 2337 2628 nomen
2383 2571 2536 2629 unde
2578 2571 2800 2629 factum

346 2649 440 2707 sit.
510 2650 713 2727 Atque
740 2648 865 2705 baec
885 2646 984 2725 qui
1029 2666 1121 2703 em
1149 2647 1423 2704 Donatus
1448 2644 1684 2722 copiose
1725 2648 2017 2724 exposuit.
2081 2648 2372 2707 Convenit
2413 2662 2608 2708 autem
2651 2650 2800 2707 inter

348 2745 568 2796 omnes,
610 2737 881 2784 auctores
908 2724 1323 2783 comoediarum
1360 2723 1610 2782 voluisse
1649 2736 1710 2782 et
1751 2726 2144 2784 communium
2187 2746 2413 2785 morum
2463 2740 2524 2785 et
2563 2746 2798 2785 casuum

348 2804 618 2881 exempla
644 2822 1004 2881 proponere:
1034 2801 1244 2879 quibus
1272 2802 1434 2861 velut
1460 2802 1760 2873 admoniti,
1789 2802 2134 2880 prudentius
2167 2804 2500 2881 judicemus
2525 2805 2601 2862 de
2629 2806 2802 2863 rebus

346 2881 633 2950 humanis,
658 2894 721 2939 et
788 2900 961 2939 enere
990 2879 1265 2939 orationis
1292 2880 1624 2939 facundiam
1645 2881 2024 2960 locupletare.
2107 2882 2646 2947 Quaeinculcahunt
2707 2903 2800 2940 ro-

346 2956 595 3017 fessores
614 2959 683 3017 εό
700 2959 758 3017 di
783 2957 1052 3037 igentius,
1064 2972 1127 3017 ut
1146 2958 1333 3017 sciant
1352 2959 1535 3037 pueri,
1558 2959 1698 3037 quid
1719 2979 1797 3019 ex
1817 2960 1930 3017 illis
1949 2972 2150 3039 petere
2167 2960 2626 3040 debeant,quem
2643 2903 2772 3019 fi'uc

349 3048 472 3096 tum
494 3036 705 3096 facturi
726 3037 841 3095 sint
868 3036 1131 3116 legendis
1152 3038 1472 3097 comoediis.
1557 3038 1708 3096 Nam
1733 3040 1847 3117 quo
1866 3036 2104 3116 propius
2125 3040 2442 3117 cognorint
2462 3054 2518 3098 et
2541 3039 2654 3097 vim
2670 3040 2802 3097 lite-

346 3134 563 3187 rarum,
582 3128 643 3175 et
664 3115 995 3182 utilitatem,
1012 3116 1085 3174 εό
1108 3115 1424 3194 impensius
1434 3120 1602 3194 juvat
1623 3116 1867 3175 discere.
1924 3116 2106 3175 Porro
2125 3136 2334 3175 nomen
2360 3118 2666 3178 Comoedia
2685 3118 2804 3177 fac-

348 3205 473 3253 tum
494 3206 604 3264 est,
636 3205 700 3252 ut
728 3193 957 3272 plurimi
986 3193 1211 3263 dicunt,
1238 3193 1339 3251 ἀπὲ
1366 3200 1461 3251 του·
1488 3192 1680 3271 κώμου,
1709 3193 1768 3251 id
1801 3203 1909 3264 est,
1954 3194 1990 3251 a
2016 3196 2458 3262 comessatione,
2491 3210 2552 3254 et
2583 3193 2687 3253 α’πὸ
2711 3198 2805 3269 τῆς

347 3268 498 3350 ᾦδῆς,
526 3272 587 3330 id
614 3283 723 3343 est,
747 3273 780 3327 a
802 3272 1094 3330 carmine:
1126 3282 1188 3327 ut
1218 3270 1293 3327 sit
1320 3272 1620 3330 convivale
1649 3292 1901 3330 carmen.
1984 3272 2135 3331 Nam
2164 3273 2220 3330 in
2253 3274 2526 3331 conviviis
2555 3275 2806 3351 primum

337 3358 546 3426 jocoso
577 3350 825 3428 quodam
849 3349 1125 3416 carmine,
1150 3347 1360 3405 civium
1384 3348 1522 3407 vitia
1544 3352 1820 3425 juventus
1847 3350 2083 3409 liberius
2111 3354 2364 3411 taxabat.
2449 3352 2681 3419 Postea,
2709 3371 2806 3411 ars

350 3428 618 3496 accessit,
643 3438 704 3485 et
724 3428 1083 3484 theatrorum
1105 3425 1488 3484 consuetudo.
1534 3426 1885 3486 Aristoteles
1905 3428 2020 3506 περὶ
2039 3430 2307 3504 ποιῃτικῆς
2329 3432 2400 3488 tle
2423 3429 2668 3487 nominis
2691 3430 2807 3486 ori·

348 3504 485 3581 gine
512 3504 681 3561 aliter
706 3502 902 3573 sentit,
932 3522 1043 3561 nec
1070 3503 1127 3581 pi
1174 3515 1232 3561 et
1260 3503 1594 3561 adscribere
1624 3507 1749 3581 ejus
1777 3508 1983 3576 verba3
2030 3507 2101 3575 ιῠς
2131 3507 2416 3587 κωωῳὲοὐς
2443 3503 2538 3563 ουίι
2567 3504 2676 3566 dvo*
2709 3506 2814 3567 σοῦ’

350 3579 623 3657 κωμάζειν
650 3577 974 3658 λεχθέντας,
1004 3577 1169 3638 α’λλα
1202 3579 1267 3660 τῇ
1293 3580 1441 3637 κατὰ
1471 3580 1668 3659 κώμας
1694 3582 1876 3661 πλάνῃ
1908 3582 2349 3665 οἱτιμαζομενους,
2377 3588 2436 3643 ἐκ
2461 3580 2560 3643 τοῦ
2588 3581 2806 3655 ἄστεος.

352 3658 582 3717 Caetera
610 3658 900 3716 Donatus.
979 3659 1050 3715 In
1091 3659 1464 3717 recensendis
1504 3662 1862 3739 argumentis
1901 3664 2248 3735 fabularum,
2277 3664 2577 3724 consilium
2621 3672 2808 3743 poetae

351 3738 577 3793 summa
596 3738 733 3795 cura
764 3738 1177 3813 exponendum
1208 3747 1316 3795 est.
1396 3738 1656 3803 Quarum
1685 3760 2062 3817 personarum
2087 3742 2512 3822 descriptiones
2529 3743 2585 3801 in
2607 3744 2810 3823 primis

350 3814 790 3873 admirationem
822 3826 1172 3881 mereantur,
1198 3813 1255 3871 in
1286 3815 1497 3892 quibus
1523 3817 1670 3876 locis
1696 3818 2008 3897 plurimum
2037 3836 2433 3882 commoretur
2471 3830 2667 3901 poeta,
2709 3822 2809 3881 ubi

349 3891 660 3969 plurimum
704 3910 1033 3959 nervorum,
1076 3892 1387 3971 plurimum
1430 3894 1779 3974 eloquentiae
1821 3911 2109 3959 ostentet:
2155 3922 2303 3979 quos
2343 3901 2508 3960 locos
2547 3902 2630 3960 ita
2651 3920 2810 3959 com-

350 3968 631 4028 mendent
658 3969 873 4048 pueris,
901 3982 967 4029 ut
994 3982 1055 4029 et
1089 3970 1448 4031 familiariter
1488 3989 1706 4045 ament,
1748 3986 1807 4033 et
1849 3988 2124 4057 tanquam
2167 3979 2384 4057 digitos
2425 3999 2563 4039 suos
2602 3978 2840 4037 norint.-

352 4046 434 4104 Et
460 4049 535 4104 ob
566 4049 716 4106 hanc
744 4067 975 4106 causam
1006 4048 1331 4108 fabularum
1363 4052 1620 4110 omnium
1649 4068 2013 4132 argumenta,
2036 4058 2219 4116 veteri
2247 4078 2430 4127 more,
2455 4057 2512 4114 in
2534 4058 2811 4137 πρότασιν,

350 4122 616 4193 ἐπίτασιν,
646 4126 1055 4201 καταστροφὴν,
1085 4129 1435 4206 partiuntur,
1468 4142 1533 4188 ut
1562 4131 1871 4191 distributa
1898 4134 2124 4193 facilius
2142 4136 2497 4213 adsequatur
2517 4140 2814 4215 juventus.

352 4203 498 4263 Fere
525 4216 720 4263 autem
748 4205 959 4262 fabulae
988 4207 1293 4265 continent
1318 4206 1646 4285 periculum
1683 4211 1978 4287 quoddam
2003 4234 2016 4269 ε
2063 4233 2350 4292 nusquam
2392 4214 2545 4271 enim
2573 4212 2816 4273 consilio

348 4284 518 4342 locus
545 4294 655 4350 est,
676 4282 783 4340 nisi
813 4282 872 4340 in
902 4282 1094 4342 dubiis
1122 4287 1315 4344 rebus.
1398 4284 1611 4364 Neque
1639 4290 1776 4345 vero
1802 4289 1960 4349 aliud
1987 4304 2077 4351 est
2105 4292 2418 4362 comoedia,
2461 4292 2571 4351 nisi
2613 4292 2817 4349 huma-

348 4380 559 4420 norum
588 4360 959 4421 consiliorum
988 4372 1051 4419 et
1086 4375 1399 4421 eventuum
1440 4364 1636 4443 imago
1677 4366 1958 4443 quoedam.
2063 4371 2132 4428 In
2183 4370 2412 4430 Andria
2455 4369 2820 4447 periclitatur

352 4440 712 4518 Pamphilus,
744 4449 808 4497 ut
836 4438 1121 4517 Glycerio
1148 4440 1321 4499 fldem
1350 4442 1691 4519 promissam
1735 4456 1993 4521 praestet,
2034 4460 2344 4529 postquam
2386 4448 2540 4527 patri
2581 4468 2688 4527 per
2727 4468 2821 4505 er·

350 4536 541 4575 rorem
571 4518 866 4597 pollicitus
894 4528 1002 4587 est,
1030 4516 1291 4577 futurum
1314 4538 1377 4578 se
1404 4520 1462 4577 in
1493 4525 1620 4596 ejus
1647 4533 1959 4600 potestate,
1988 4544 2061 4585 ac
2088 4526 2403 4586 ducturum
2426 4547 2602 4605 quam
2625 4526 2822 4583 vellet.

352 4592 577 4670 Estque
596 4597 720 4654 haec
741 4596 919 4655 veluti
946 4596 1141 4663 στάσις
1158 4596 1388 4656 fabulae.
1442 4600 1701 4659 Consilia
1721 4601 1930 4673 omnia,
1956 4605 2206 4681 querelae
2228 4623 2448 4672 omneS,
2471 4614 2824 4681 argumenta

350 4672 545 4726 omnia
570 4672 687 4731 huc
710 4673 1017 4734 referenda
1032 4686 1184 4733 sunt.
1242 4674 1323 4734 Et
1344 4686 1469 4734 tota
1488 4676 1685 4736 fabula
1705 4679 1903 4737 similis
1925 4694 2014 4739 est
2037 4680 2282 4738 orationi
2305 4680 2538 4757 generis
2556 4681 2825 4739 suasorii.

352 4742 505 4799 Nam
534 4749 687 4805 varie
715 4752 790 4808 de
818 4755 943 4811 tota
970 4756 1146 4811 causa
1172 4754 1510 4813 consultant
1536 4774 1727 4826 seneS,
1755 4756 2184 4825 adolescentes,
2227 4775 2298 4814 ac
2339 4757 2511 4815 servi.
2597 4756 2719 4816 Sed
2761 4769 2832 4816 ut

350 4834 758 4893 argumentum
786 4828 1025 4906 propius
1052 4850 1295 4891 cernere
1317 4844 1535 4910 queant
1555 4834 1744 4912 pueri,
1767 4834 1971 4893 ordine
1990 4833 2247 4909 singulas
2267 4844 2464 4911 partes
2481 4832 2831 4893 reseremus.
