3067 4959
350 364 437 432 nv
728 379 747 390 ·
1262 372 1990 454 PROLEGOMENA

364 529 521 591 senis
544 531 723 590 verba
747 529 964 608 repetit
988 527 1289 601 Phormio,
1334 529 1654 591 Mercedem
1697 533 1838 592 dare
1879 531 1970 591 lex
1991 531 2161 610 jubet
2201 529 2274 600 ὲί,
2314 539 2486 604 atque
2521 531 2836 592 omittere?

334 611 505 668 'Nou
530 630 719 688 agam,
761 610 929 686 imm]
981 609 1290 686 Dactylus.
1373 609 1469 667 Ex
1501 611 1644 668 Act.
1678 611 1758 668 11.
1799 629 1958 669 scen.
1992 611 2082 668 ·11.
2159 610 2371 677 Dorio,
2399 607 2538 667 audi
2583 609 2830 668 obsecro.

369 688 451 745 D.
498 709 608 746 non
656 689 848 746 erudio.
932 689 1000 745 P.
1032 709 1358 766 parumper.
1442 689 1520 746 D.
1565 690 1702 766 quin
1749 691 1940 747 omitte
1981 692 2122 766 me.]
2176 690 2242 745 ln
2289 689 2448 746 hunc
2475 707 2705 745 versum
2750 688 2835 746 ita

366 765 676 843 interpres,
722 765 873 825 Sunt
914 767 1013 845 qui
1059 767 1138 826 sic
1186 765 1398 845 legant,
1444 775 1508 824 nt
1563 766 1755 826 Dorio
1807 766 2083 826 Phoedria
2131 767 2286 826 dicat
2308 791 2331 825 .·
2423 768 2603 834 Leno,
2645 767 2790 825 audi
2805 790 2831 825 .·

372 845 578 903 iterum
626 843 909 903 Phaedria
952 845 1192 904 obsecro.
1290 843 1467 904 Certe
1509 845 1608 921 qui
1650 845 1732 902 ita
1771 845 2092 903 orationem
2141 844 2599 922 distinguebant,
2649 844 2708 901 id
2747 844 2834 901 vi-

373 921 605 988 derunt,
646 940 759 979 non
803 935 1005 998 petere
1050 921 1373 980 Phaedriam
1406 923 1439 978 a
1465 922 1678 980 lenone
1715 934 1782 980 ut
1819 923 2080 982 audiret:
2125 923 2228 982 sed
2259 935 2324 982 ut
2394 941 2668 999 arumper
2693 922 2830 980 leno

370 1001 679 1078 pecuniam
726 1012 1118 1077 exspectaret.
1216 1001 1427 1078 Neque
1482 1000 1636 1058 enirn
1692 1001 2088 1078 respondisset
2142 1003 2296 1067 leno,
2415 1020 2490 1059 on
2541 1001 2739 1071 audio,
2781 1000 2831 1058 si

368 1078 724 1138 audientiam
780 1078 1007 1137 tantum
1062 1077 1402 1136 adolescens
1442 1079 1802 1155 postularet:
1849 1079 1908 1136 id
1949 1080 2238 1158 siquidem
2273 1079 2630 1156 respondere
2679 1079 2831 1137 sole·

372 1175 521 1226 mus,
552 1157 687 1214 cum
716 1156 873 1236 quod
902 1156 1121 1234 petitur
1149 1174 1263 1213 non
1292 1175 1676 1215 concessuros
1702 1177 1807 1215 nos
1823 1156 2234 1235 significamus.
2315 1158 2449 1234 Ego
2470 1156 2832 1234 distinguen-

376 1236 509 1295 dam
540 1233 621 1292 ita
648 1235 973 1294 orationem
1002 1253 1115 1292 non
1146 1247 1329 1312 puto:
1372 1234 1507 1293 cum
1547 1235 1690 1294 illud
1731 1236 1890 1304 audi,
1931 1235 2127 1295 lenoni
2155 1250 2272 1296 tarn
2303 1235 2596 1294 obstinato
2625 1236 2700 1293 ad
2729 1235 2834 1293 de·

373 1313 706 1393 negandum
734 1313 925 1371 mimis
952 1312 1263 1372 convenire
1288 1312 1574 1372 videatur.
1657 1315 1904 1372 Versum
1934 1335 2061 1374 esse
2090 1313 2451 1372 trochaicum
2493 1325 2745 1383 constat,
2785 1312 2834 1370 si

372 1395 516 1452 audi
534 1411 651 1450 non
672 1392 1053 1460 detrahimus,
1072 1393 1106 1448 h
1111 1391 1690 1468 ypercatalecticum,
1715 1391 1847 1451 cum
1869 1393 2060 1452 Dorio
2077 1393 2318 1471 primam
2337 1392 2551 1450 habeat
2567 1392 2831 1470 longam:

374 1470 412 1530 a
440 1470 774 1530 muneribus
802 1471 973 1538 enim,
1004 1489 1118 1528 non
1146 1471 1220 1527 ab
1252 1470 1417 1527 hasta
1444 1489 1654 1527 nomen
1697 1471 1893 1539 habet,
1923 1483 1983 1530 et
2013 1473 2069 1528 in
2100 1473 2212 1529 hac
2239 1471 2363 1549 ipsa
2389 1473 2566 1529 scena
2591 1470 2678 1527 bis
2715 1467 2836 1547 pri-

376 1551 474 1606 ma
500 1549 788 1626 producta
824 1548 1143 1626 reperitur:
1184 1548 1271 1604 sin
1300 1548 1680 1616 detrahimus,
1709 1562 1770 1606 et
1795 1549 2101 1608 sententiae
2141 1549 2484 1618 consulitur,
2531 1559 2594 1606 et
2635 1565 2836 1606 versus

352 1628 711 1690 .trochaicus
738 1626 841 1686 fiet
866 1625 1267 1695 catalecticum,
1310 1626 1511 1702 quales
1547 1625 1648 1716 qui
1695 1639 2020 1706 sequuntur
2061 1647 2282 1694 omnes,
2322 1625 2687 1705 quiquidem
2712 1638 2838 1685 tro·

346 1705 565 1768 .chaici
596 1717 753 1764 sunt.
828 1707 1156 1785 Parumper
1180 1703 1325 1762 illud
1358 1703 1638 1762 Phaedriae
1665 1705 1740 1762 ad
1768 1706 2272 1782 exspectationem
2299 1705 2583 1782 pecuniae,
2613 1724 2732 1765 non
2761 1703 2839 1762 ad

353 1783 731 1848 ,audientiam
760 1782 961 1842 referri
984 1783 1201 1842 debere
1228 1781 1462 1839 omnino
1484 1781 1806 1842 confirmo:
1847 1784 2113 1862 sequitur
2131 1786 2308 1850 enim,
2344 1785 2572 1862 Nequeo
2598 1803 2839 1848 exorare

376 1873 441 1922 ut
466 1884 691 1922 maneas
716 1863 964 1922 triduum
994 1861 1146 1920 hoc?
1224 1860 1425 1918 Locus
1454 1859 1566 1918 hoc
1603 1860 1821 1920 habere
1856 1864 2162 1922 sententias
2198 1863 2462 1923 videtum
2509 1861 2714 1928 Dorio,
2745 1860 2838 1918 in-

346 1942 505 2020 .quit
557 1941 841 2008 Phaedria,
880 1951 1163 2018 exspecta
1204 1942 1451 1998 obsecro
1492 1938 1632 1996 dum
1681 1941 1991 2017 pecuniam
2038 1941 2306 2000 conficio.
2389 1941 2602 2006 Surdo,
2643 1939 2841 2017 inquit

377 2020 586 2087 Dorio,
615 2019 871 2078 fabulam
898 2037 1114 2076 nari-ae.
1196 2016 1446 2076 Missum
1476 2035 1570 2076 me
1599 2017 1714 2087 fac,
1743 2018 2022 2078 molestus
2049 2040 2131 2080 es.
2215 2021 2336 2078 Hic
2368 2017 2652 2086 Phaedria,
2679 2017 2842 2076 Audi

378 2101 530 2179 quod
552 2100 755 2168 dicam,
790 2097 995 2163 Dorio,
1019 2118 1129 2158 non
1156 2117 1243 2155 me
1266 2097 1423 2174 capis
1440 2121 1463 2154 .-
1508 2096 1669 2173 quod
1697 2116 2012 2177 parumper
2039 2110 2177 2176 peto
2198 2111 2266 2157 ut
2291 2108 2622 2175 exspectes,
2654 2107 2746 2155 est
2773 2105 2844 2152 ut

376 2178 634 2236 triduum
664 2175 889 2233 tantum
934 2187 1268 2253 exspectes,
1312 2193 1385 2231 nc
1426 2174 1586 2253 quod
1633 2194 1945 2252 parumper
1991 2188 2058 2234 ut
2103 2187 2415 2253 exspectes
2461 2187 2620 2252 peto,
2665 2185 2843 2252 putes

378 2267 583 2334 petere
612 2273 725 2320 me,
754 2253 1051 2311 hominum
1082 2253 1323 2312 aliorum
1352 2271 1531 2321 more,
1561 2265 1627 2310 ut
1653 2252 1709 2308 in
1741 2252 2092 2310 multosdies
2119 2265 2220 2309 aut
2247 2271 2475 2310 menses
2503 2265 2844 2330 exspectes.

464 2335 540 2391 A.
588 2331 913 2390 Miseritum
942 2343 1039 2390 est.
1112 2331 1177 2390 P.
1205 2331 1299 2390 hei
1324 2332 1471 2390 veris
1498 2333 1710 2390 vincor.
1775 2331 1858 2388 G.
1883 2332 2050 2409 qudm
2073 2339 2153 2388 est
2179 2338 2412 2406 uterque
2426 2329 2632 2387 similis
2659 2331 2756 2388 sui
2771 2333 2836 2407 !]

380 2414 451 2472 In
480 2411 590 2469 hac
609 2412 787 2468 scena
815 2429 1013 2469 versus
1038 2429 1155 2468 non
1182 2423 1270 2470 est
1298 2411 1445 2470 alius
1471 2408 1755 2469 difficilior
1780 2408 2103 2468 intellectu.
2147 2406 2473 2468 Miseritum
2499 2416 2602 2476 est,
2633 2407 2848 2468 dicere

378 2510 485 2571 per
510 2488 753 2546 ironiam
788 2489 1183 2565 Antiphonem
1214 2490 1339 2548 vult
1379 2489 1704 2564 interpres:
1747 2487 1904 2565 quod
1933 2507 2044 2566 ego
2070 2486 2154 2544 illi
2193 2484 2497 2545 assentior.
2564 2487 2654 2543 At
2699 2486 2850 2564 quid

380 2570 456 2629 sit
482 2569 629 2628 veris
656 2568 891 2626 vincor¹s
934 2567 1096 2644 quid,
1132 2567 1315 2634 Qucim
1343 2579 1423 2623 ese
1450 2576 1686 2644 uterque
1720 2565 1920 2625 similis
1955 2567 2064 2634 sui,
2093 2585 2285 2643 neque
2325 2563 2422 2622 ille
2451 2563 2618 2634 dicit,
2646 2584 2850 2642 neque

375 2667 495 2724 ego
520 2664 817 2724 assequor.
901 2645 1195 2722 Scriptum
1222 2643 1401 2702 fuisse
1428 2645 1628 2708 credo,
1675 2644 1796 2702 Hei
1834 2643 2018 2704 verbis
2059 2644 2274 2704 vincor.
2353 2642 2648 2714 vincebat
2685 2643 2850 2702 enim

377 2725 603 2786 lenonis
632 2724 688 2780 in
712 2723 981 2800 negando
1000 2721 1323 2801 pertinacia
1350 2733 1409 2780 et
1436 2720 1781 2800 loquacitas,
1809 2721 2198 2780 adolescentis
2223 2721 2464 2799 ingenui
2491 2735 2668 2801 atque
2693 2721 2848 2780 libe-

381 2805 515 2864 ralis
544 2801 845 2880 pudorem.
929 2802 1321 2868 Quamobrem
1365 2820 1568 2860 secum
1619 2799 1816 2859 Geta:
1859 2799 2050 2866 Quam
2094 2800 2229 2858 leno
2276 2799 2345 2869 is,
2391 2801 2600 2879 inquit,
2651 2819 2846 2859 mores

380 2882 606 2942 lenonis
632 2881 827 2950 habet,
868 2892 929 2940 et
974 2879 1241 2940 Phaedria
1268 2879 1541 2958 pudentis
1567 2891 1626 2936 at
1673 2899 1746 2937 ue
1787 2878 2038 2938 liberalis
2075 2877 2484 2948 adolescentis,
2513 2880 2614 2956 qui
2650 2881 2844 2940 verbis

378 2962 413 3018 a
441 2961 649 3020 lenone
677 2959 828 3018 vinci
853 2979 919 3017 se
946 2959 1229 3018 fateatur!
1280 2959 1354 3017 Et
1374 2978 1532 3016 scen.
1567 2899 1680 3015 llll.
1721 2959 1882 3017 Dum
1909 2958 2092 3037 igitur
2116 2957 2261 3016 diem
2287 2955 2478 3034 Μυσὴ]
2529 2958 2696 3017 Diem
2724 2977 2847 3016 una

381 3039 640 3118 syllaba3
680 3039 839 3097 hunc
866 3055 1093 3096 versum
1122 3038 1265 3098 citat
1307 3037 1659 3105 Priscianus,
1687 3035 1813 3094 sine
1839 3037 2006 3095 diem.
2057 3034 2222 3111 ‚Ego
2263 3035 2416 3094 malo
2455 3048 2696 3114 propter
2721 3035 2843 3094 ele·

344 3175 353 3182 ,
382 3119 638 3197 gantiam
666 3118 947 3196 syllabam
977 3115 1171 3176 facere
1200 3135 1371 3176 unam
1402 3117 1578 3194 quam
1609 3115 1835 3184 tollere,
1866 3115 2025 3182 cum,
2055 3115 2125 3171 ea
2151 3112 2411 3172 dictione
2437 3114 2684 3182 sublata,
2714 3133 2844 3172 ver-

382 3215 483 3256 sus
508 3197 681 3256 etiarn
722 3195 940 3274 aliquid
983 3195 1293 3254 desideret.
1377 3195 1471 3252 Ex
1520 3196 1662 3252 Act.
1711 3193 2019 3252 1V.·cen.
2069 3191 2177 3250 IV.
2221 3193 2535 3272 Aruspeafl
2583 3193 2846 3271 aruspex

347 3331 355 3339 .
382 3275 521 3353 quia
540 3277 612 3334 ab
641 3276 785 3338 haru
827 3276 861 3330 a
888 3273 1201 3340 derivatur,
1228 3273 1472 3350 primam
1500 3269 1762 3328 vocalem
1793 3271 2010 3330 habere
2037 3270 2212 3328 debet
2243 3270 2568 3348 aspiratam.

348 3391 359 3402 ·
466 3353 563 3410 Ex
594 3354 733 3410 Act.
820 3391 837 3408 .
864 3369 1023 3410 scen.
1050 3351 1133 3408 11.
1228 3352 1527 3410 Vorsuram
1558 3347 1773 3422 salvia]
1834 3351 2098 3416 Ver-sura⁴
2125 3347 2318 3425 potius
2358 3347 2670 3426 legendum
2707 3367 2848 3427 sep-

344 3465 351 3478 ·
386 3429 531 3486 timo
558 3447 719 3495 casu,
748 3429 918 3506 quam
947 3451 1258 3498 versuram,
1288 3427 1397 3486 etsi
1428 3425 1652 3483 Budaeo
1694 3425 1862 3482 aliter
1891 3424 2140 3483 videtur.
2225 3427 2301 3485 Et
2329 3447 2485 3486 scen.
2525 3425 2637 3482 111.
2727 3428 2850 3488 Ca-

376 3505 574 3585 piebat
592 3505 833 3578 statim]
882 3509 1088 3565 Statim
1117 3507 1308 3584 priore
1335 3505 1511 3580 longa
1539 3521 1646 3578 pro
1675 3503 1962 3580 perpetui}
1991 3513 2053 3560 et
2077 3506 2398 3581 aequaliter.
2443 3505 2520 3564 Et
2545 3521 2709 3564 scen.
2741 3505 2850 3564 lv.

346 3619 357 3630 .
776 3583 833 3630 G.
866 3583 1125 3646 vapulabis.
1192 3587 1254 3632 A.
1282 3585 1325 3631 id
1347 3585 1423 3648 tibi
1438 3585 1533 3644 jam
1559 3581 1735 3642 quidem
1761 3580 1850 3632 fiet.
1875 3582 1958 3627 nisi
1984 3583 2164 3638 resistis,
2191 3585 2391 3631 verbero.

344 3697 349 3704 ‚
420 3701 427 3708 ,
776 3647 833 3694 G.
869 3645 1217 3698 Familiariorem
1240 3655 1416 3710 oportet
1436 3661 1535 3694 esse
1555 3647 1675 3692 hunc
1697 3647 1770 3708 qui
1794 3646 2024 3694 minitatur
2045 3647 2225 3694 malum.
2291 3645 2296 3653 '
2473 3685 2480 3694 .

340 3749 351 3760 ·
471 3709 717 3770 Scenam
746 3709 898 3770 hanc
937 3713 1245 3771 trochaicis
1274 3723 1544 3770 constare
1583 3709 1943 3768 catalecticis
1971 3729 2168 3769 versus
2207 3712 2579 3771 metientibus
2623 3710 2849 3769 clarum

343 3861 351 3868 ¹
386 3799 495 3848 est.
577 3790 772 3855 Quare
800 3791 935 3849 cum
979 3790 1138 3868 prior
1180 3790 1276 3847 ille
1314 3795 1512 3846 versus
1562 3806 1752 3865 neque
1797 3787 2128 3848 trochaicus
2172 3804 2324 3851 esset
2373 3794 2498 3869 ejus
2541 3809 2847 3858 mensurae,

388 3885 562 3945 quam
600 3867 935 3927 Terentiani
965 3887 1164 3926 versus
1204 3886 1497 3944 nunquam
1543 3865 1864 3934 excedunt,
1913 3867 2026 3924 hoc
2072 3879 2180 3936 est,
2224 3868 2360 3927 cum
2417 3888 2608 3947 neque
2651 3880 2848 3926 octon-

386 3955 542 4002 esset
567 3945 964 4016 catalecticus,
994 3964 1067 4002 ne
1114 3963 1186 4002 ue
1214 3943 1803 4022 hypercatalecticus,
1835 3944 2038 4003 incidit
2057 3946 2252 4004 animo
2277 3946 2552 4024 suspici0‚
2583 3946 2722 4006 loco
2747 3945 2852 4004 ali-

387 4020 528 4100 quid
556 4040 683 4081 esse
709 4023 992 4091 additum,
1021 4043 1091 4081 ve
1150 4021 1308 4080 certe
1335 4022 1701 4082 detractum:
1744 4022 1884 4101 quid
1915 4023 1973 4081 id
2001 4043 2129 4083 esse
2167 4037 2384 4102 posset,
2429 4023 2562 4083 cum
2594 4043 2656 4082 re
2703 4023 2854 4082 crire

340 4135 352 4148 ·
388 4117 509 4159 non
536 4117 773 4176 possem·
790 4101 1126 4178 cogitando,
1155 4100 1217 4158 in
1246 4101 1511 4159 codicem
1540 4100 1739 4169 incidi,
1768 4101 1866 4159 vix
1893 4101 2133 4180 dignum
2157 4103 2255 4180 qui
2287 4103 2424 4160 mihi
2451 4101 2632 4163 fidem
2651 4045 2854 4161 Facere

338 4212 365 4240 s.
388 4177 651 4248 deberet,
670 4177 777 4238 nisi
796 4179 1005 4256 judicii
1034 4178 1181 4238 ratio
1209 4179 1572 4238 accessisset.
1653 4180 1721 4237 In
1751 4199 1824 4239 eo
1851 4180 1934 4238 ita
1959 4179 2239 4256 scriptum
2269 4181 2496 4259 reperit

340 4305 353 4314 -
943 4283 1000 4330 G.
1034 4281 1292 4344 vapulabis.
1358 4281 1552 4331 Curialis
1573 4283 1759 4330 vernula
1779 4291 1848 4329 est
1868 4283 1942 4343 qui
1965 4297 2040 4328 me
2061 4291 2210 4331 vocat.

936 4349 999 4393 A.
1032 4345 1087 4394 Id
1110 4348 1185 4393 tibi
1209 4348 1387 4408 quidem
1398 4349 1497 4409 jam
1518 4347 1609 4402 fiet,
1636 4347 1719 4394 nisi
1742 4347 1925 4401 resistis,
1947 4347 2146 4394 verbero.

852 4473 863 4482 ἢ
939 4411 995 4458 G.
1030 4409 1378 4458 Familiariorem
1402 4419 1577 4473 oportet
1599 4425 1698 4456 esse
1718 4411 1838 4456 hunc
1859 4410 1934 4470 qui
1957 4412 2132 4459 minitat
2153 4414 2334 4460 malum.

473 4505 622 4569 Quae
646 4500 825 4560 lectio
850 4510 1090 4578 propter
1118 4498 1327 4558 multas
1356 4517 1448 4558 res
1476 4499 1616 4556 mihi
1643 4500 1959 4575 probatur:
2001 4501 2188 4560 versui
2217 4500 2372 4558 enim
2401 4500 2752 4570 consulitur,
2799 4511 2866 4560 et

390 4580 455 4636 id
494 4581 653 4657 quod
682 4578 951 4656 subjecit,
983 4577 1440 4638 Familiariorem
1466 4599 1584 4638 esse
1609 4587 1844 4656 oportet,
1869 4580 1968 4669 qui
1991 4581 2218 4639 minitat
2257 4577 2485 4642 malum,
2515 4579 2866 4656 explicatur

338 4675 348 4702 ⁸
390 4659 616 4733 magis3
655 4678 864 4722 vocare
890 4657 1044 4719 enim
1072 4657 1267 4736 potuit
1302 4656 1507 4737 quivis,
1538 4657 1776 4718 vernula
1815 4670 2012 4730 etism,
2053 4655 2318 4716 minitare
2355 4656 2574 4716 malum
2617 4663 2715 4734 (ut
2737 4658 2870 4726 ,loci
