3067 4959
655 386 2309 495 PROLEGOMENA

1076 599 1897 676 TERENTIANA.

931 809 1014 889 P.
1069 806 1659 888 ‚TERENTII
1742 804 2053 899 VITA,

1107 967 1248 1041 EX
1320 964 1884 1041 SUETONIO.

337 1147 405 1207 P.
436 1142 934 1205 TERENTIUS
959 1140 1128 1211 Afer,
1173 1142 1531 1219 Carthagine
1557 1150 1751 1211 natus,
1778 1136 2013 1201 servivit
2054 1138 2261 1196 Romae
2288 1134 2569 1195 Terentio
2596 1134 2722 1194 Lu·

254 1244 410 1285 cano
440 1222 732 1291 Senatori,
760 1222 796 1279 a
822 1240 942 1299 quo
967 1221 1044 1279 ob
1071 1220 1369 1298 ingenium
1400 1232 1460 1277 et
1487 1219 1753 1287 formam,
1796 1236 1913 1275 non
1938 1215 2239 1273 institutus
2265 1214 2438 1273 modd
2465 1213 2723 1303 liberali-3

257 1314 372 1369 ter,
389 1302 492 1361 sed
511 1314 574 1361 et
599 1300 828 1359 mature
855 1298 1253 1357 manumissus.
1337 1298 1593 1362 Quidam
1620 1307 1857 1373 captum
1887 1314 2015 1353 esse
2032 1294 2386 1361 existimant,
2411 1290 2569 1369 quod
2595 1290 2723 1357 fieri

259 1381 424 1438 nullo
453 1379 628 1437 modo
657 1378 934 1456 potuisse,
963 1376 1293 1435 Fenestella
1317 1374 1522 1433 docet:
1562 1374 1698 1433 edm
1726 1373 1786 1430 in
1812 1373 1929 1433 fine
1954 1373 2195 1431 secundi
2224 1370 2374 1429 Belli
2404 1368 2631 1436 Punici,
2660 1377 2725 1433 et

258 1471 400 1515 ante
430 1457 658 1515 initium
686 1455 841 1513 tertii
868 1466 1038 1512 natus
1068 1454 1164 1525 sit,
1193 1466 1256 1515 et
1283 1464 1581 1511 mortuus:
1625 1470 1737 1511 nec
1764 1450 1813 1509 si
1836 1452 1877 1511 a
1904 1450 2171 1508 Numidis
2199 1461 2301 1509 aut
2327 1446 2561 1507 Getulis
2584 1464 2727 1522 cap-

261 1548 360 1593 tus
398 1535 494 1603 sit,
535 1534 611 1592 ad
653 1533 862 1592 ducem
907 1534 1236 1591 Romanum
1279 1530 1589 1609 pervenire
1627 1530 1949 1607 potuisset;
1988 1528 2149 1587 nullo
2176 1525 2529 1587 commercio
2570 1524 2727 1613 inter.

260 1613 504 1673 Italicos
529 1624 590 1670 et
620 1611 821 1680 Afros,
849 1611 958 1669 nisi
998 1622 1138 1689 post
1163 1610 1417 1670 deletam
1449 1606 1887 1683 Carthaginem,
1918 1619 2135 1683 coepto.
2218 1605 2337 1663 Hic
2366 1623 2503 1663 cum
2529 1601 2727 1659 multis

261 1690 557 1749 nobilibus
596 1689 956 1747 familiariter
997 1689 1162 1759 vixit,
1205 1688 1312 1749 sed
1354 1686 1609 1745 maxime
1651 1705 1787 1747 cum
1831 1684 2106 1762 Scipione
2143 1683 2443 1751 Africano,
2486 1691 2545 1739 et
2588 1698 2729 1739 cum

263 1768 486 1827 Laelio:
570 1769 740 1827 uibus
778 1768 954 1825 etiam
991 1767 1258 1844 corporis
1299 1766 1491 1843 gratia
1517 1764 1863 1823 conciliatus
1904 1762 2290 1830 existimatur,
2334 1758 2493 1837 quod
2534 1758 2727 1835 ipsum

265 1846 539 1905 Fenestel
563 1865 599 1904 a
623 1844 818 1923 arguit
841 1869 857 1913 3
897 1845 1256 1903 contendens
1282 1855 1536 1922 utroque
1564 1849 1837 1918 majorem
1866 1852 2009 1899 natu
2034 1838 2211 1898 fuisse
2234 1864 2251 1907 ς
2292 1837 2553 1916 quamvis
2580 1835 2727 1895 Cor·

261 1921 457 1982 nelius
487 1924 688 2000 Nepos
714 1922 988 2000 aequaleis
1014 1922 1237 1981 omneis
1260 1921 1440 1981 fuisse
1466 1922 1679 1993 tradat,
1710 1931 1769 1978 et
1799 1918 2045 1981 Porcius
2068 1916 2457 1995 suspicionem
2485 1913 2561 1978 de
2587 1929 2735 1977 cons

263 2000 584 2059 suetudine
609 2018 716 2075 per
737 2000 868 2057 haec
893 1998 1108 2058 faciat:

531 2091 662 2140 Dum
684 2092 912 2138 lasciviam
933 2093 1146 2139 nobilium
1168 2100 1214 2140 et
1231 2092 1410 2141 fiscosas
1427 2095 1579 2143 laudes
1598 2096 1723 2159 petit,

531 2156 662 2203 Dum
681 2154 884 2201 Africani
908 2156 1008 2202 voci
1031 2158 1198 2205 divinae
1215 2158 1356 2205 inhiat
1375 2160 1516 2206 avidis
1536 2162 1728 2215 auribus,

521 2218 655 2269 Dum
677 2219 736 2267 ad
758 2218 942 2267 Furium
967 2236 1018 2267 se
1037 2223 1266 2277 coenitare,
1287 2230 1335 2269 et
1355 2222 1551 2271 Laelium
1574 2225 1809 2285 pulchrum
1832 2230 1973 2285 putat,

519 2282 650 2331 Dum
672 2298 722 2331 se
738 2286 876 2331 amari
898 2286 954 2331 ab
975 2285 1098 2333 hisce
1119 2287 1273 2340 credit,
1295 2284 1449 2334 crebrd
1470 2288 1516 2333 in
1540 2288 1768 2335 Albanum
1792 2288 1883 2348 rapi

521 2347 596 2395 Ob
619 2347 776 2397 florem
799 2349 944 2395 aetatis
966 2364 1096 2407 suae5
1129 2350 1186 2399 ad
1208 2365 1432 2400 summam
1452 2352 1647 2413 inopiam
1671 2352 1874 2397 redactus
1896 2358 1979 2397 est.

519 2410 682 2473 Itaque
703 2408 732 2458 ὲ
752 2420 996 2475 conspectu
1019 2415 1220 2460 omnium
1244 2414 1363 2469 abiit,
1385 2415 1432 2460 in
1458 2414 1701 2469 Graeciam,
1726 2422 1890 2461 terram
1910 2415 2128 2461 ultimam.

517 2476 738 2528 Mortuus
759 2484 830 2523 est
851 2476 1116 2539 Stymphalo
1138 2478 1348 2526 Arcadias
1371 2494 1398 2523 o
1461 2479 1534 2525 'do
1553 2497 1566 2525 ε
1606 2480 1669 2525 nil
1692 2478 1879 2525 Publius

519 2540 672 2603 Scipio
693 2541 877 2603 profuit,
897 2542 1008 2589 nihil
1027 2543 1068 2588 ei
1091 2541 1278 2597 Laelius,
1301 2544 1368 2589 nil
1431 2542 1569 2598 urius,

517 2604 634 2653 Tres
655 2620 736 2666 per
755 2605 874 2652 idem
897 2614 1074 2668 tempus
1095 2608 1172 2667 qni
1192 2607 1421 2675 agitabant
1441 2608 1613 2655 nobiles
1633 2602 1853 2653 facillime,

517 2667 696 2715 Eorum
715 2670 792 2716 ille
813 2668 949 2731 operi
970 2686 1028 2717 ne
1049 2670 1232 2717 domum
1254 2671 1433 2733 quidem
1455 2672 1610 2717 habuit
1630 2670 1964 2727 conductitiam,

522 2731 691 2780 Saltem
709 2740 761 2779 ut
780 2742 915 2790 esset,
937 2730 1028 2796 qud
1049 2734 1234 2781 referret
1255 2735 1425 2781 obitum
1448 2735 1619 2782 domini
1640 2734 1858 2783 servulus.

337 2812 594 2892 Scripsit
618 2813 938 2873 comoedias
975 2834 1113 2873 sext
1153 2832 1232 2873 ex
1261 2814 1474 2891 quibus
1501 2814 1746 2892 primam
1776 2812 2059 2871 Andriam
2088 2812 2226 2873 edm
2252 2814 2515 2877 aedilibus
2542 2816 2727 2890 daret,

253 2898 455 2972 jussus
481 2891 618 2949 ante
647 2892 886 2951 Caecilio
909 2891 1183 2959 recitare,
1211 2892 1288 2950 ad
1315 2904 1649 2951 coenantem
1678 2893 1817 2951 edm
1844 2891 2113 2961 venisset,
2156 2893 2348 2952 dictus
2384 2909 2473 2953 est
2500 2896 2729 2955 initium

247 2968 507 3050 'quidem
533 2969 766 3042 fabulae,
795 2969 953 3048 qudd
978 2979 1108 3029 erat
1134 2970 1561 3047 contemptiore
1587 2971 1823 3038 vestitu,
1846 2968 2119 3027 subsellio
2138 2973 2309 3045 juxta
2333 2971 2613 3031 lectulum
2637 2991 2727 3031 re-

261 3048 470 3108 sidens
493 3046 745 3122 legisse3
783 3057 916 3123 post
951 3064 1178 3124 paucos
1200 3048 1340 3105 verb
1363 3068 1585 3116 versus,
1614 3048 1891 3105 invitatus
1933 3056 1997 3103 ut
2024 3049 2421 3116 accumberet,
2466 3051 2729 3109 coenfisse

261 3124 391 3184 una
408 3145 427 3181 ι
469 3122 684 3181 deinde
712 3134 926 3181 caetera
947 3123 1304 3200 percurrisse
1327 3150 1344 3194 3
1381 3144 1498 3184 non
1525 3128 1653 3184 sine
1678 3122 1891 3201 magna
1918 3122 2141 3181 Caecilii
2166 3123 2566 3182 admiratione.
2648 3126 2729 3184 Et

257 3204 424 3265 hanc
451 3210 654 3259 autem
680 3210 742 3264 et
765 3200 1026 3279 quinque
1051 3200 1306 3292 reliquas
1328 3204 1633 3283 aequaliter
1659 3201 1879 3282 populo
1905 3198 2197 3279 probavit.
2280 3202 2557 3265 Quamvis
2584 3201 2739 3271 Vol,

259 3280 454 3340 catius
481 3278 558 3338 de
584 3279 1026 3338 enumeratione
1051 3298 1306 3339 omnium
1332 3282 1416 3341 ita
1441 3282 1681 3346 scribit:

521 3374 734 3425 Sumetur
753 3374 942 3440 Hecyra
961 3384 1094 3426 sexta
1111 3390 1172 3427 ex
1190 3377 1248 3424 iis
1267 3376 1432 3425 fabula.

340 3456 668 3515 Eunuchus
695 3455 934 3534 quidem
975 3456 1064 3515 bis
1105 3466 1240 3515 acta
1265 3468 1378 3528 est,
1407 3457 1739 3536 meruitque
1778 3457 2031 3535 pretium
2059 3465 2341 3531 quantum
2368 3457 2531 3517 nulla
2553 3468 2735 3524 antea

261 3538 610 3612 cujusquam
652 3534 960 3603 comoedia,
1021 3534 1085 3592 id
1137 3546 1248 3605 est,
1305 3546 1444 3601 octo
1495 3535 1677 3595 millia
1728 3538 2048 3593 nummum.
2132 3534 2453 3612 Propterea
2502 3556 2728 3595 summa

259 3632 342 3691 qu
425 3632 500 3670 ue
553 3611 726 3671 titulo
773 3612 1141 3671 adscribitur.
1225 3612 1380 3671 Nam
1430 3612 1841 3691 Adelphorum
1895 3610 2245 3689 principium
2307 3612 2495 3670 Varro
2549 3614 2725 3671 etiam

257 3709 382 3767 prae
407 3702 498 3748 ert
522 3690 708 3766 prinei
753 3688 812 3747 io
839 3689 1174 3750 Menandri.
1255 3690 1392 3749 Non
1421 3690 1678 3755 obscura
1696 3690 1852 3749 fama
1876 3700 1986 3759 est,
2004 3688 2269 3766 adjutum
2297 3688 2639 3747 Terentium
2666 3692 2727 3749 in

263 3767 496 3857 scriptis
534 3766 570 3823 ὲ
595 3768 702 3827 Lae
724 3766 782 3826 io
809 3778 872 3827 et
913 3768 1208 3846 Scipione,
1252 3768 1603 3845 quibuscum
1643 3768 2005 3828 familiariter
2044 3766 2211 3823 vixit.
2295 3766 2560 3824 Eandem
2600 3768 2619 3823 i
2662 3787 2727 3826 se

261 3856 448 3977 affut.
525 3844 844 3925 Nunquam
873 3845 1050 3919 enim,
1077 3846 1188 3906 nisi
1215 3845 1440 3921 leviter,
1469 3866 1534 3907 se
1562 3845 1741 3907 tutari
1776 3856 2043 3913 conatur,
2074 3854 2139 3901 ut
2178 3842 2238 3899 in
2264 3842 2514 3921 prologo
2543 3846 2599 3903 A
2645 3846 2729 3905 el-

255 3940 302 3999 p
346 3940 544 3983 orum:

515 4018 638 4067 Nam
658 4019 780 4083 quod
797 4020 873 4068 isti
895 4020 1052 4068 dicunt
1071 4021 1294 4077 malevoli,
1312 4022 1522 4071 homines
1544 4022 1717 4077 nobiles¹

519 4080 658 4131 Hune
678 4086 892 4147 adjmare,
915 4084 1179 4147 assidueque
1199 4082 1290 4133 und
1312 4088 1506 4134 scribere
1518 4104 1532 4133 ε

523 4144 658 4199 Quod
675 4148 738 4195 illi
759 4150 1048 4197 maledictum
1067 4152 1312 4199 vehemens
1332 4151 1605 4205 existimant,

513 4208 638 4256 Eam
654 4210 830 4261 huden
849 4214 926 4261 hie
945 4214 1070 4261 ducit
1087 4214 1361 4262 maximam:
1399 4212 1503 4262 cum
1525 4214 1613 4261 illis
1632 4214 1788 4277 placet,

521 4272 616 4327 Qui
641 4276 764 4322 vobis
785 4277 1010 4324 universis
1030 4284 1079 4324 et
1096 4279 1264 4340 populo
1285 4279 1478 4341 placent.

515 4338 732 4393 Quorum
754 4337 887 4401 operi
907 4342 954 4388 in
974 4340 1112 4399 bello,
1135 4343 1182 4389 ἱι
1201 4341 1310 4397 otio,
1331 4342 1380 4388 in
1403 4340 1606 4403 negotio,

509 4402 608 4453 Suo
630 4403 822 4466 quisque
841 4412 1046 4471 tenpore
1065 4404 1168 4453 usu’
1191 4412 1260 4455 est
1281 4406 1378 4455 sine
1397 4403 1620 4467 superbis.
2550 4462 2563 4475 .
2612 4464 2625 4478 .

337 4482 588 4544 Videtur
639 4496 846 4547 autem
897 4504 973 4547 se
1019 4484 1208 4545 levius
1263 4482 1617 4556 defendisse,
1672 4486 1811 4565 quia
1850 4478 2096 4547 sciebat,
2138 4474 2326 4537 Laelio
2362 4475 2424 4523 et
2464 4463 2729 4545 Scipioni

2913 4681 2947 4721 A
