3067 4959
1233 360 1879 429 TERENTIANA.
2642 366 2781 431 lxiii

291 523 545 585 licuerit
583 523 702 584 hoo
721 522 753 581 Ρ
833 520 1008 589 Quod
1031 522 1081 582 si
1107 523 1504 602 respondeant
1542 524 1605 581 in
1632 524 1810 583 causa
1835 540 1965 583 esse
2002 520 2339 601 pedestrem
2378 541 2451 584 ac
2476 525 2777 603 vulgarem

306 603 636 663 orationem
654 626 672 671 ς
696 601 834 661 hinc
861 602 1142 661 instemus
1159 621 1284 672 nos,
1309 622 1425 662 non
1447 602 1617 661 valde
1638 602 1901 661 meritam
1925 620 2053 660 esse
2072 598 2227 659 illius
2246 602 2559 674 vilitatem,
2572 613 2637 663 ut
2657 615 2777 663 tam

309 681 612 741 accuratis
639 681 876 739 astricta
903 680 1160 739 numeris
1187 681 1472 741 creticum
1501 692 1930 759 aspernaretur.
2010 680 2223 759 Itaque
2242 682 2485 741 verbum
2512 682 2779 742 substan·

309 760 500 820 tivum
527 759 841 837 aliquando
867 758 1025 818 miris
1053 772 1278 817 torsere
1305 758 1492 817 modis
1515 784 1531 827 3
1571 768 1639 817 ut
1667 759 1727 815 in
1756 758 1955 817 Milite
1982 758 2261 817 Plautus:
2744 791 2753 803 ·

706 836 901 887 Censen‘
927 835 1050 891 verb,
1073 835 1186 885 adeo
1207 854 1306 885 esse
1325 853 1526 900 parcum,
1550 845 1599 883 et
1617 833 1781 884 misere
1798 839 1953 884 vivere
1968 836 1991 882 ?

704 902 846 950 Dicas
869 917 1058 949 uxorem
1081 903 1158 949 tibi
1181 918 1282 951 esse
1301 917 1536 949 necessum
1560 901 1739 949 ducere.

397 965 690 1045 Apertius
716 965 854 1024 vero
881 965 939 1023 in
967 960 1353 1043 Gurguliond,
1383 964 1631 1043 simplici
1659 964 1829 1023 sibilo
1855 963 2309 1043 pronunciatur:

708 1044 835 1092 Huic
854 1044 958 1091 anui
982 1059 1071 1091 non
1093 1044 1200 1091 satis
1221 1052 1291 1091 est
1312 1044 1430 1101 soli3
1465 1058 1624 1091 canem
1648 1058 1747 1089 esse
1769 1044 1886 1091 hanc
1906 1044 2101 1105 quidem.

402 1108 696 1169 Caeterum
726 1108 856 1185 quis
884 1108 1100 1166 eximet
1127 1106 1164 1165 a
1193 1108 1415 1166 cretico
1443 1126 1675 1165 versum
1701 1106 1865 1165 illum
1890 1126 1971 1165 ex
1999 1106 2339 1165 Trinummo
2356 1104 2389 1162 Ρ

703 1188 775 1235 Sit
798 1186 1085 1234 taciturnitati
1107 1184 1223 1233 cum
1245 1186 1347 1232 fidei
1369 1201 1426 1233 ac
1441 1185 1637 1242 fiduciae,

316 1250 428 1310 nisi
499 1249 557 1309 ui
584 1248 660 1308 ad
689 1249 1054 1309 trochaicam
1075 1268 1230 1309 aram
1259 1249 1416 1307 illam
1440 1249 1651 1307 misere
1671 1248 2047 1327 confugerit?
2109 1250 2307 1313 Quare
2334 1247 2433 1306 illo
2462 1247 2784 1309 obruantur

315 1348 395 1387 ex
425 1270 814 1407 gurgulione,
845 1347 1022 1407 quem
1065 1327 1368 1399 iambIcus‚
1412 1338 1478 1385 ut
1502 1344 1633 1385 sese
1657 1326 1717 1383 in
1748 1328 1941 1386 omnia
1966 1336 2217 1398 vertant,
2262 1326 2403 1405 quin
2428 1324 2523 1397 sit,
2552 1326 2785 1388 efficere

221 1420 230 1429 ·
315 1418 612 1485 nequeant
636 1428 652 1462 :

706 1484 858 1533 Liberi
877 1486 1018 1549 lepos,
1044 1493 1096 1533 ut
1116 1484 1284 1533 veteris
1303 1484 1470 1531 vetusti
1491 1484 1651 1546 cupida
1671 1499 1788 1531 sum.

405 1550 610 1627 Atque
637 1548 800 1607 initio
821 1551 1056 1628 quidem
1085 1548 1336 1608 arbitror
1357 1548 1647 1606 vocalium
1664 1546 1993 1607 tenuiorum
2020 1545 2261 1607 mollitie
2282 1546 2523 1621 factum,
2555 1557 2621 1606 ut
2645 1548 2783 1607 sub-

316 1628 472 1689 irent
494 1626 680 1705 pedes
707 1627 916 1687 alieni:
959 1628 1046 1687 sic
1073 1627 1344 1697 dicimus,

703 1705 837 1769 Χμδο,
863 1703 1148 1763 Πηληῖὒω,
1169 1705 1356 1759 «ὅλαις,
1381 1703 1543 1752 raim·

400 1769 488 1830 Ut
511 1768 824 1829 bacchium
853 1771 1030 1829 etiam
1057 1772 1454 1849 receperimus
1481 1768 1585 1827 illo
1610 1786 1783 1827 versu
1802 1788 1820 1823 z

707 1847 776 1895 Et
793 1848 952 1897 laeveis
969 1864 1126 1897 ocreas
1141 1849 1268 1897 lento
1287 1850 1459 1897 ducunt
1478 1854 1685 1910 argento.

405 1912 494 1969 At
518 1911 680 1969 hunc
706 1931 938 1971 versum
965 1912 1346 1991 spondaicum
1375 1922 1547 1989 putat
1574 1909 1915 1981 Diomedes,
1943 1910 2032 1969 vir
2057 1910 2301 1979 doctus;
2340 1928 2459 1969 non
2484 1910 2675 1971 male:
2718 1920 2789 1969 ut

323 1988 558 2046 mollior
581 1988 801 2047 vocalis
839 1991 1048 2049 subeat
1085 1990 1403 2049 fortiorem.
1487 1989 1587 2048 Sic
1618 1987 1903 2048 creticum
1941 1988 2309 2068 interposuit,
2352 1998 2418 2047 ut
2444 1986 2786 2065 spondaeum

327 2064 579 2135 faceret,
605 2067 666 2122 in
694 2068 876 2125 v'erbo
900 2088 1092 2127 aureo.
1173 2069 1348 2134 Qucvd
1371 2069 1420 2127 si
1446 2066 1504 2124 in
1535 2066 1827 2143 tragoedia
1866 2066 2066 2127 cretici
2096 2075 2253 2138 sunt,
2286 2066 2347 2123 in
2374 2063 2625 2123 heroicis
2648 2066 2790 2125 bac·

331 2143 504 2203 chius
531 2155 592 2202 et
612 2142 1036 2214 antibacchius,
1059 2156 1126 2204 ut
1147 2156 1370 2205 taceam
1390 2156 1769 2223 anapoestum,
1795 2155 1920 2202 tum
1954 2144 2219 2213 Homeri,
2244 2140 2432 2217 Βορέης
2464 2140 2683 2221 ζεφιῗρός
2709 2159 2787 2201 τε·

303 2232 461 2281 ‘tum
492 2220 742 2301 Virgilii,
771 2221 1102 2282 Flauiorum
1130 2245 1231 2283 rex
1255 2225 1552 2285 Eridanus
1579 2248 1601 2283 .-
1640 2241 1759 2280 non
1784 2222 2058 2281 videntur
2083 2220 2261 2281 fuisse
2287 2232 2377 2280 tot
2404 2230 2663 2279 monstra
2686 2240 2790 2281 ne-

305 2324 312 2330 ·
329 2300 604 2379 cessaria,
634 2311 779 2377 quot
804 2300 901 2359 isti
929 2301 1252 2361 eximendis
1269 2301 1573 2361 elementis
1596 2304 1887 2372 crearunt,
1909 2301 1968 2359 in
1989 2300 2231 2381 quidem,
2256 2300 2315 2357 in
2335 2300 2499 2367 sicut,
2522 2298 2581 2355 in
2601 2298 2789 2371 simul,

329 2388 512 2457 atque
535 2378 697 2437 aliis:
741 2398 935 2458 neque
974 2380 1376 2440 excludendas
1417 2381 1675 2457 integras
1714 2380 1891 2439 fuisse
1917 2398 2115 2449 voces,
2142 2390 2248 2437 aut
2282 2378 2425 2439 alias
2450 2378 2677 2455 spurias
2702 2376 2791 2435 in-

328 2456 536 2535 genuis
562 2458 993 2536 supponendas,
1023 2459 1182 2537 quod
1207 2458 1419 2518 fecisse
1451 2458 1778 2528 Erasmum,
1806 2470 1867 2519 et
1892 2460 2070 2537 supra
2096 2456 2478 2526 ostendimus,
2505 2467 2568 2514 et
2594 2475 2673 2515 ex
2698 2454 2791 2516 his

299 2558 306 2565 ·
330 2546 516 2614 patet.
598 2538 748 2595 Nam
778 2536 837 2593 in
869 2536 1162 2595 Eunucho
1189 2538 1503 2617 despectam
1529 2536 1755 2614 posuit3
1800 2538 2139 2613 despicerem
2166 2534 2432 2595 sustulit:

715 2614 898 2662 Habeat
916 2615 1201 2679 despicatam,
1221 2624 1270 2662 et
1289 2631 1392 2677 quae
1415 2630 1498 2662 nos
1520 2630 1697 2677 semper
1718 2614 1923 2662 omnibus
1944 2618 2143 2663 cruciant
2162 2615 2323 2663 modis.
2496 2646 2503 2653 ·

407 2677 602 2769 slouxit
643 2678 822 2769 etiam
865 2698 1124 2739 errorem
1162 2678 1279 2738 alia
1303 2680 1502 2757 culpa,
1529 2678 1667 2737 cftm
1696 2698 1773 2737 ex
1800 2678 2005 2738 eadem
2032 2679 2231 2739 fabula
2255 2696 2487 2738 versum
2514 2677 2685 2757 fingit
2710 2694 2791 2737 ex

373 2775 492 2815 uris
516 2758 750 2817 creticis
770 2777 788 2813 z

331 2775 372 2834 p
717 2836 1051 2899 Siccine-gis?
1082 2836 1186 2899 quis
1205 2843 1258 2885 tu
1277 2837 1526 2885 homoes?
1558 2838 1892 2899 quidtibivis?
1924 2837 2030 2901 quid
2049 2852 2151 2885 cum
2174 2834 2433 2884 inan-ciffi
2456 2834 2557 2883 est?

333 2902 528 2965 Quem
579 2910 776 2960 tamen
819 2898 1130 2959 iambicum
1181 2900 1532 2977 quadratum
1584 2920 1886 2980 agnoscas.
1966 2902 2101 2959 Pari
2138 2900 2480 2959 infelicitate
2522 2910 2583 2959 et
2628 2896 2793 2957 illum

335 2996 416 3037 ex
447 2976 679 3035 Andria
705 2976 942 3037 creticis
968 2979 1280 3048 conclusit,
1310 2978 1411 3056 qui
1437 2990 1591 3039 esset
1616 2980 1874 3039 senarius
1900 2980 2159 3059 integer:

725 3054 784 3102 In
805 3057 1068 3119 denegando
1087 3054 1224 3105 modo
1241 3056 1346 3120 quis
1367 3058 1510 3121 pudor
1531 3066 1601 3106 est
1620 3059 1864 3121 paululfim.

424 3116 724 3175 Restituta
749 3138 998 3197 namque
1117 3140 1144 3177 r
1169 3120 1395 3179 initium
1426 3122 1852 3200 praepositione,
1894 3138 2067 3199 quam
2108 3119 2206 3178 ille
2234 3119 2400 3176 nimis
2429 3116 2793 3176 confidenter

343 3193 680 3265 sustulerat,
708 3196 765 3252 in
795 3194 1000 3273 prioris
1068 3216 1218 3269 nem,
1247 3200 1414 3259 tolles
1455 3200 1609 3258 illius
1636 3210 1697 3259 et
1723 3218 2000 3269 errorem,
2028 3210 2087 3256 et
2115 3196 2451 3255 audaciam:
2494 3192 2664 3251 simul
2691 3192 2793 3253 de-

307 3278 314 3288 ’
341 3271 675 3353 prehendes
703 3292 952 3333 crassam
983 3274 1209 3353 culpam
1233 3301 1249 3347 ς
1333 3282 1388 3336 ui
1429 3279 1717 3338 creticum
1758 3298 1835 3337 ex
1864 3275 2049 3335 tribus
2075 3272 2319 3333 vocibus
2359 3271 2694 3332 confectum
2722 3270 2791 3330 iri

337 3350 598 3430 speravit
623 3351 754 3423 illis,
783 3348 912 3433 qai-'s
929 3354 1120 3432 pudor
1142 3365 1242 3414 est.
1367 3358 1532 3415 erum
1561 3357 1658 3416 ille
1678 3356 1763 3415 vir
1790 3355 2071 3415 curiosior
2092 3352 2267 3434 paulo
2287 3350 2398 3410 fuit
2418 3346 2794 3409 emendandis

335 3430 699 3490 auctoribus.
781 3432 932 3489 Nam
961 3442 1023 3491 et
1049 3431 1206 3511 apud
1237 3434 1522 3495 Senecam
1546 3456 1560 3492 τ

724 3510 900 3557 Arcum
921 3512 1111 3558 intensio
1131 3511 1314 3575 frangit,
1337 3514 1536 3561 animum
1561 3516 1785 3562 remissio:

339 3573 493 3633 Eum
517 3573 602 3632 ibi
629 3573 780 3633 dixit
807 3594 936 3633 esse
962 3576 1252 3633 inversum
1279 3577 1591 3646 senarium,
1620 3590 1798 3657 atque
1823 3576 1949 3657 ipse
1974 3576 2060 3636 sic
2088 3574 2360 3635 invertit:

723 3653 954 3702 Remissio
973 3654 1173 3701 animum
1193 3654 1375 3718 frangit,
1395 3671 1550 3703 arcum
1573 3657 1781 3705 intensio.
2312 3651 2322 3661 ”

415 3716 689 3776 Dixisset
715 3715 1098 3785 commodius,
1126 3719 1286 3795 quod
1313 3719 1387 3776 ad
1415 3719 1597 3797 pedes
1623 3720 1852 3790 attinet,
1879 3720 1965 3779 sic
1984 3719 2101 3798 legi
2122 3736 2331 3799 posse:
2358 3736 2515 3777 nunc
2536 3716 2669 3776 curn
2692 3734 2794 3775 ne-

341 3796 668 3853 cessitatem
695 3794 884 3865 affert,
913 3814 1148 3854 causam
1174 3815 1338 3855 suam
1363 3796 1509 3857 facit
1535 3798 1905 3857 deteriorem.
1990 3800 2139 3857 Nam
2168 3808 2231 3856 et
2254 3797 2341 3856 sic
2366 3796 2629 3855 senarius
2665 3806 2793 3855 esta

344 3884 408 3930 et
431 3871 488 3929 in
514 3872 639 3931 aliis
664 3875 826 3951 apud
852 3874 1104 3933 eundem
1131 3888 1432 3933 auctorem
1459 3876 1701 3934 senariis
1728 3896 1841 3935 non
1870 3880 2205 3937 observatas
2230 3873 2415 3952 magis
2440 3875 2601 3953 leges
2627 3872 2799 3933 intel·

343 3948 510 4025 ligas,
532 3950 706 4029 quam
731 3952 794 4009 in
823 3952 1128 4011 comoediis
1154 3966 1258 4011 aut
1285 3953 1410 4011 aliis
1435 3952 1647 4012 fabulis
1676 3956 1833 4015 unde
1858 3954 1956 4014 ille
1976 3965 2253 4014 sumeret.
2286 3966 2305 3979 ⁴
2332 3952 2507 4017 Quod
2534 3952 2582 4010 si
2608 3949 2799 4011 acrius

299 4060 310 4065 -
348 4038 580 4086 contem
620 4029 763 4099 lere,
789 4030 968 4108 longe
997 4030 1337 4090 concinnior
1363 4032 1653 4090 sententia
1680 4044 1807 4092 est:
1836 4052 2009 4109 quam
2036 4030 2324 4090 deformat
2351 4030 2450 4089 ille
2474 4030 2801 4090 inversione

343 4106 472 4163 sud.
611 4125 702 4164 am
729 4108 1021 4167 sententia
1048 4111 1279 4167 tametsi
1319 4109 1620 4187 aequaliter
1660 4111 1735 4169 de
1773 4129 1937 4179 arcu,
1978 4123 2041 4170 et
2073 4110 2150 4169 de
2188 4108 2404 4179 animo,
2451 4107 2803 4187 pronunciat

346 4199 460 4261 per
499 4185 805 4254 contraria,
845 4197 1040 4246 tamen
1082 4187 1208 4245 vult
1246 4205 1446 4246 arcum
1489 4188 1711 4247 referre
1747 4187 1824 4247 ad
1868 4190 2143 4259 animum,
2184 4188 2459 4268 quoniam
2496 4188 2589 4246 de·
2608 4186 2803 4245 animo

295 4300 302 4307 -
345 4260 562 4340 quaerit
587 4274 857 4324 statuere.
935 4266 1150 4344 ltaque
1177 4284 1294 4323 non
1321 4267 1394 4324 ab
1423 4285 1496 4324 eo
1515 4266 1775 4345 incipere
1794 4290 1811 4333 ς
1833 4266 1937 4325 sed
1956 4268 2020 4325 in
2038 4267 2471 4327 eosententiam
2492 4263 2803 4323 terminare

345 4338 652 4417 oportuit=
693 4343 1010 4418 prasertim
1042 4342 1176 4402 cum
1207 4355 1417 4421 praeter
1457 4345 1930 4421 expectationem
1967 4345 2042 4404 de
2082 4346 2275 4404 animo
2312 4344 2543 4405 sentiat.
2642 4335 2803 4394 Nihil

292 4448 300 4457 ·
343 4420 502 4476 enim
533 4418 764 4490 mirum,
794 4420 1120 4481 intensione
1143 4440 1368 4491 arcum,
1387 4434 1448 4480 at
1468 4422 1674 4481 mirum
1700 4422 2033 4483 remissione
2053 4424 2307 4482 animum
2330 4417 2535 4491 frangi·
2604 4416 2805 4477 Quare

341 4506 406 4554 et
433 4507 667 4556 crescet
691 4498 897 4571 oratio,
928 4510 989 4558 et
1017 4500 1150 4558 talis
1175 4512 1286 4569 est,
1315 4512 1382 4558 ut
1409 4500 1609 4579 quavis
1635 4500 1851 4579 pedum
1888 4501 2270 4581 dispositione
2309 4494 2502 4575 potior
2539 4490 2633 4549 sit·
2715 4490 2809 4550 lta

341 4573 578 4634 curiosa
605 4576 734 4636 haec
760 4577 1000 4655 ingenia
1027 4596 1425 4653 soepenumero
1445 4578 1675 4657 judicio
1702 4591 1924 4639 carent.
2372 4648 2387 4660 ι
2492 4648 2505 4661 ι

419 4652 520 4713 De
548 4655 916 4717 comicorum
941 4673 1216 4715 versuum
1239 4657 1504 4731 materia,
1527 4656 1895 4736 partitumque
1910 4654 2259 4734 quantitate,
2280 4658 2421 4707 saus
2446 4646 2807 4725 ‹lt-putatum
