3067 4959
248 337 381 402 lviii
1090 326 1824 396 PROLEGOMENA

258 492 417 556 centi
462 489 865 557 Philolacheti,
902 487 1123 546 homini
1152 489 1381 580 perdito
1406 489 1577 558 luxu,
1605 501 1786 570 atque
1813 489 1936 548 otio
1963 497 2266 566 corrupto,
2295 487 2396 566 qui
2439 505 2516 546 ue
2541 505 2720 548 unam

256 571 435 632 modo
464 589 585 630 rem
612 579 838 648 ageret,
868 579 934 626 ut
958 567 1265 628 inserviret
1290 569 1500 637 ventri,
1543 569 1665 627 dati
1693 587 1894 628 versus
1932 577 2071 626 sunt
2109 565 2267 626 omni
2309 587 2346 644 p
2430 585 2526 624 um
2567 567 2724 644 pene

254 669 475 730 genere
501 647 677 727 pleni.
760 646 1037 706 Tranioni
1063 658 1259 705 autem
1286 666 1455 706 servo
1494 646 1746 722 trepido,
1775 647 1832 705 in
1860 665 1927 704 re
1953 645 2282 722 desperata,
2321 663 2521 704 versus
2557 663 2724 704 com·

255 727 453 808 positi,
480 740 659 805 atque
684 725 794 785 sibi
818 723 957 802 ipsis
983 736 1335 784 constantes.
1406 725 1546 782 Seni
1568 725 1940 802 Teuropidoe,
1970 724 2094 780 viro
2121 721 2304 800 gravi,
2333 741 2532 800 parco,
2563 721 2721 794 laeto,

256 807 433 868 aucta
456 823 538 875 re,
567 814 763 863 amoto
790 803 1209 863 maritimorum
1232 813 1395 862 metu
1412 803 1825 880 periculorum,
1853 802 2065 862 senarii
2093 800 2342 860 iambici.
2397 801 2558 866 Quid
2585 821 2724 880 gra-

255 886 385 948 vius
416 882 896 960 Amphitruone?
978 879 1137 947 Quid
1177 881 1363 958 magis
1400 881 1724 948 statarium,
1797 881 1926 940 uam
1957 879 2088 939 finis
2129 878 2340 938 fabulae
2375 880 2722 940 converse?

258 961 632 1022 concluditur
672 973 865 1019 tamen
904 957 1103 1018 fabula
1143 959 1471 1018 trochaicis.
1535 960 1606 1016 ln
1641 959 1765 1018 Stic
1809 977 1846 1016 o
1871 971 2068 1018 autem
2097 969 2214 1016 tam
2245 957 2449 1016 iambis
2489 969 2720 1035 potant,

257 1042 432 1121 quam
460 1039 747 1098 trochaeis.
830 1037 1120 1113 Gurgulio
1148 1056 1389 1096 currens
1415 1038 1475 1095 in
1505 1057 1569 1096 re
1596 1039 1765 1102 novit,
1795 1056 1948 1096 novo
1975 1036 2192 1094 nuncio
2221 1035 2450 1094 vehitur
2477 1036 2720 1096 trochei

256 1119 421 1178 rotis.
505 1120 588 1176 At
618 1114 917 1176 Acanthio
944 1115 1001 1172 in
1032 1115 1371 1176 Mercatore
1398 1115 1556 1174 haud
1585 1115 1830 1174 absimili
1858 1116 1915 1173 in
1947 1135 2008 1174 re
2037 1113 2337 1193 quadratis
2365 1114 2550 1172 utitur
2577 1113 2722 1174 iam·

254 1197 423 1265 bicis,
454 1207 514 1256 at
542 1194 745 1254 iisdem
774 1194 831 1252 in
862 1193 1213 1252 Terentiana
1237 1193 1590 1252 Phormione
1629 1194 1786 1253 Geta
1823 1193 1946 1272 pari
1989 1193 2047 1251 in
2075 1193 2334 1270 negotio.
2415 1192 2720 1269 Ergasilus

254 1275 399 1334 verr}
428 1274 712 1352 parasitus
740 1271 797 1330 in
830 1271 1089 1346 Captivis
1114 1283 1235 1330 tam
1262 1271 1593 1335 trochaicis.
1621 1271 1796 1349 quam
1833 1272 1995 1330 aliis:
2047 1272 2184 1331 cum
2229 1283 2424 1330 tamen
2469 1271 2720 1330 similem

254 1364 461 1432 ageret
485 1370 805 1411 cursuram.
884 1349 1391 1416 Quemadmodum
1421 1361 1481 1408 et
1510 1349 1824 1408 Dinacium
1845 1369 1992 1426 puer
2013 1349 2069 1406 in
2093 1349 2301 1408 Sticho
2329 1348 2526 1407 nuncii
2546 1361 2723 1408 autor

252 1429 409 1500 novi,
432 1429 695 1507 utrisque
716 1427 927 1485 mistim
948 1448 1087 1486 usus
1108 1440 1215 1486 est.
1287 1428 1582 1487 Praeterea
1601 1428 1915 1488 trochaicis
1939 1427 2185 1504 Harpax
2211 1427 2432 1486 Cacula
2455 1427 2722 1486 militari:

254 1509 312 1568 in
336 1507 629 1567 Pseudolo
646 1507 783 1564 dum
808 1505 1075 1564 lenonem
1097 1505 1327 1583 quaerit.
1389 1505 1732 1564 Trochaicis
1751 1506 2020 1565 Erotium
2041 1505 2317 1564 meretrix
2335 1505 2393 1562 in
2413 1505 2722 1565 Menarch-

255 1587 383 1654 mis,
413 1598 479 1644 ut
506 1585 809 1644 obsonium
838 1584 1293 1662 comparandum
1322 1596 1507 1642 curet.
1593 1587 1680 1642 At
1706 1584 1739 1642 ὸ
1761 1585 2054 1644 contrario
2083 1584 2396 1642 trochaicis
2425 1583 2721 1660 Lysiteles

254 1664 620 1733 adolescens,
650 1675 711 1720 et
738 1661 949 1738 gravis,
979 1673 1040 1719 et
1066 1661 1222 1739 frugi
1251 1661 1308 1719 in
1340 1661 1719 1720 Trinummo:
1761 1674 1822 1721 et
1851 1663 2134 1722 Chremes
2161 1681 2365 1732 senex,
2394 1661 2480 1718 vir
2506 1664 2718 1733 bonus,

256 1761 333 1800 ac
357 1741 633 1819 prudens,
663 1740 719 1796 in
754 1739 998 1808 Andr-id,
1028 1740 1177 1798 seria
1202 1739 1482 1817 imprimis
1508 1739 1585 1798 de
1615 1759 1696 1810 re,
1725 1751 1973 1818 paterno
2013 1741 2227 1809 animo,
2259 1741 2549 1798 constanti
2575 1759 2721 1799 con-

255 1817 576 1897 questione.
635 1818 813 1884 Quod
830 1817 878 1877 si
896 1817 969 1875 ad
994 1817 1224 1875 Davum
1250 1818 1582 1896 respiciant,
1602 1819 1700 1896 qui
1717 1819 1986 1909 sequenti
2009 1821 2182 1877 scena
2195 1823 2316 1898 Jam
2336 1819 2515 1876 otium
2539 1830 2718 1896 atque

254 1911 382 1956 tran
431 1896 729 1956 uillitateru
761 1896 1098 1974 imperando
1126 1896 1253 1966 sibi,
1282 1895 1626 1955 bellissimus
1653 1897 1849 1956 fundit
1876 1897 2224 1966 trochaicos,
2247 1901 2368 1976 jam
2391 1897 2499 1976 ipsi
2523 1897 2620 1956 ina
2641 1896 2718 1956 de

254 1975 554 2034 celerltate
582 1975 801 2053 aliquid
830 1973 1151 2033 consultius
1181 1975 1494 2034 remittant.
1581 1975 1794 2034 Poetae
1829 1975 2100 2055 profecto
2128 1977 2267 2035 istos
2296 1976 2554 2035 comicos
2583 1995 2718 2032 nos-

252 2065 454 2125 trates,
487 2065 549 2111 ut
577 2054 634 2111 in
665 2065 917 2111 mentem
941 2066 1221 2111 venerant
1246 2072 1338 2112 res
1364 2053 1693 2132 arripuisse,
1723 2053 1926 2132 eisque
1945 2073 2217 2114 numeros
2245 2053 2721 2113 accommodasse

252 2151 403 2191 reor.
474 2131 576 2190 Isti
609 2131 745 2190 vero
773 2130 1367 2208 legumlatoresnovi,
1398 2132 1664 2210 plerique
1687 2133 1799 2191 hoc
1826 2133 1945 2192 suis
1967 2132 2234 2191 obtinent
2260 2132 2506 2207 ingeniis
2535 2151 2720 2210 pecu-

253 2211 429 2268 liare:
480 2209 657 2266 semel
706 2209 921 2267 alicubi
968 2209 1014 2267 si
1058 2209 1198 2288 quid
1240 2209 1704 2287 deprehendere,
1733 2209 1888 2267 illico
1915 2229 2022 2287 pro
2050 2211 2180 2286 lege
2206 2209 2442 2265 habent.
2526 2209 2722 2288 Atqui

250 2289 431 2366 longo
460 2286 761 2365 multoque
788 2306 933 2364 opus
961 2299 1049 2346 est
1076 2287 1291 2357 studio,
1318 2300 1406 2346 est
1437 2308 1584 2367 opus
1603 2287 1843 2348 consilio
1863 2285 2157 2364 prudenti,
2179 2285 2296 2343 acri
2313 2285 2543 2359 judicio
2567 2306 2722 2366 opus

254 2378 380 2425 est:
410 2385 741 2444 quanquam
764 2365 1035 2443 equidem
1058 2385 1173 2424 non
1195 2364 1473 2457 negarim,
1495 2367 1821 2426 fabularum
1841 2363 2038 2434 initiis,
2063 2363 2161 2422 ubi
2183 2364 2402 2424 animos
2423 2381 2722 2442 auresque

253 2457 651 2522 spectatorum
680 2443 957 2503 trimetris
984 2445 1243 2504 versibus
1271 2445 1631 2513 imbuissent,
1675 2443 1783 2518 ipsi
1824 2444 1929 2502 sibi
1959 2462 2064 2500 suo
2094 2442 2254 2522 quasi
2285 2447 2419 2517 jure
2446 2453 2721 2519 agerent,

254 2523 535 2600 deinceps
563 2522 926 2601 interspersis
952 2522 1167 2582 alicubi
1196 2523 1455 2600 ejusdem
1488 2523 1721 2603 generis
1747 2522 2006 2590 senariis,
2037 2521 2093 2579 id
2141 2541 2213 2580 ue
2241 2541 2432 2599 neque
2459 2539 2716 2600 semper,

252 2621 448 2681 neque
476 2615 735 2672 coactos,
764 2621 957 2680 neque
978 2601 1245 2660 consulto
1273 2601 1567 2662 factitasse
1587 2602 2004 2660 existimamus.
2139 2599 2222 2658 uit
2249 2613 2442 2659 tamen
2464 2600 2580 2660 hoc
2607 2599 2720 2662 illis

252 2680 313 2738 in
344 2699 505 2738 more
526 2681 799 2757 positum,
826 2692 890 2738 ut
910 2680 1337 2739 narrationibus
1357 2682 1649 2739 trimetros
1675 2686 1892 2756 majore
1913 2699 1990 2737 ex
2017 2691 2184 2757 parte
2205 2679 2585 2757 adaptarent:
2616 2697 2718 2736 ne·

256 2777 373 2836 que
402 2757 593 2816 solum
619 2758 677 2815 in
704 2757 1081 2834 argumentis,
1102 2771 1202 2817 aut
1224 2758 1491 2838 prologo,
1514 2771 1620 2817 aut
1645 2758 1899 2836 protasi;
1927 2757 2030 2816 sed
2059 2757 2232 2816 etiam
2256 2757 2411 2834 apud
2441 2776 2718 2835 personas

256 2855 375 2902 eas.
406 2854 537 2912 quae
565 2835 737 2893 etiam
766 2835 927 2894 aliud
952 2849 1216 2914 agerent.
1298 2837 1807 2905 Quemadmodum
1855 2837 1992 2895 cum
2034 2836 2240 2895 Davus
2281 2835 2338 2892 in
2372 2835 2617 2908 Andria,
2641 2835 2717 2894 de

254 2912 381 2971 aliis
410 2913 583 2971 rebus
609 2914 875 2991 loquens,
895 2913 1011 2976 alia
1036 2916 1220 2976 utitur
1240 2935 1508 2976 versuum
1539 2914 1936 2974 dimensione:
1966 2915 2064 2973 uhi
2093 2914 2168 2972 ad
2195 2913 2586 2973 narrationem
2614 2913 2717 2972 de-

254 3003 491 3050 ventum
520 3003 629 3064 est,
660 2991 734 3050 de
762 2991 891 3050 navi
920 2993 1107 3053 fracta
1134 2995 1289 3074 apud
1320 2995 1615 3063 Andrum,
1643 2994 1718 3052 ad
1748 2994 2040 3052 trimetros
2068 2992 2412 3052 divertitur:

768 3071 845 3118 Ad
866 3073 963 3120 haec
986 3075 1113 3130 mala,
1137 3075 1223 3121 hoc
1245 3075 1353 3122 mihi
1375 3075 1546 3122 accedit
1569 3074 1704 3121 etiam
1723 3091 1738 3122 ε
1765 3075 1864 3120 haec
1889 3072 2073 3119 Andria.

334 3133 557 3195 Eadem
580 3133 883 3214 diligentia
900 3139 956 3194 in
974 3138 1255 3216 epistolis.
1312 3140 1382 3197 In
1405 3137 1700 3196 Pseudolo
1718 3138 1791 3196 ab
1811 3137 1998 3213 longis
2018 3137 2074 3193 in
2090 3137 2347 3196 senarios
2362 3135 2717 3196 deflectitur.

256 3213 327 3271 In
359 3215 630 3274 Asinaria
659 3235 894 3294 quoque
936 3216 1093 3293 quod
1126 3228 1359 3292 pactum
1398 3214 1797 3293 conscriptum
1842 3227 1934 3272 est
1979 3215 2131 3273 inter
2177 3214 2610 3274 adolescentem
2656 3227 2717 3274 et

254 3291 467 3361 lenam,
498 3295 736 3352 senariis
765 3293 1071 3372 expletur:
1114 3291 1385 3369 quoniam
1414 3291 1489 3349 sit
1516 3293 1773 3350 narratio
1801 3293 2102 3369 quaedam:
2145 3312 2473 3372 quanquam
2511 3311 2584 3350 ne
2613 3293 2719 3352 hic

256 3369 491 3444 quidem
520 3389 766 3448 semper.
858 3369 1003 3427 Nam
1043 3368 1232 3446 longis
1259 3369 1519 3427 versibus
1546 3380 1744 3427 narrat
1773 3369 1829 3425 in
1875 3369 2153 3431 Rudente
2182 3373 2459 3452 Grippus,
2489 3369 2716 3428 eventia

254 3445 505 3504 fortunoe
532 3467 661 3505 sese
686 3448 838 3504 bene
864 3457 1194 3536 acceptum.
1278 3449 1362 3505 At
1389 3446 1446 3502 in
1478 3445 1682 3504 eadem
1711 3465 1894 3504 senex
1923 3450 2207 3508 somnium
2239 3447 2528 3509 trimetris.
2611 3445 2716 3506 Ex

256 3523 521 3600 utrisque
548 3523 706 3592 vero,
746 3536 925 3600 atque
949 3536 1125 3582 etiam
1153 3523 1279 3584 aliis
1306 3525 1489 3584 mistis
1532 3524 1700 3584 Sosia
1730 3525 2210 3602 Amphitruonis:
2255 3543 2587 3606 quanquam
2615 3527 2720 3586 ubi

255 3601 330 3660 ad
354 3619 557 3658 manus
575 3611 809 3658 ventum
832 3613 941 3670 est,
961 3601 1283 3663 iamborum
1303 3605 1415 3662 vim
1434 3616 1614 3682 atque
1633 3603 1994 3663 alacritatem
2015 3606 2327 3666 minutiore
2341 3625 2490 3684 gyro
2507 3604 2718 3680 flectit,

256 3699 329 3738 ac
359 3679 565 3738 vibrat.
646 3679 798 3738 cum
829 3679 1007 3757 igitur
1034 3693 1151 3739 tam
1194 3683 1621 3744 inconstantem
1664 3683 1853 3760 legem
1897 3683 2214 3754 videamus,
2260 3697 2326 3743 ut
2372 3683 2484 3742 illis
2571 3684 2734 3744 oetio-
2823 3697 2834 3706 '

258 3775 451 3835 neque
478 3776 637 3816 curse
662 3757 857 3826 fuerit,
889 3755 975 3816 uti
1002 3757 1284 3830 facerent,
1312 3781 1505 3842 neque
1545 3762 1704 3820 salvo
1745 3762 1876 3839 puri
1919 3764 2202 3821 sermonis
2247 3763 2438 3822 nitore
2485 3782 2518 3820 e
2583 3783 2722 3822 cere

254 3846 523 3912 potuere,
542 3837 630 3893 uti
648 3835 903 3895 numeris
922 3851 1115 3896 essent
1136 3841 1558 3900 astrictioribus
1571 3863 1588 3898 :
1607 3860 1714 3900 nos
1731 3840 1815 3898 sic
1835 3841 2086 3910 inventa,
2103 3853 2206 3900 aut
2223 3841 2722 3918 quemadmodum

258 3911 543 3982 existunt,
571 3914 995 3991 permittamus,
1025 3929 1125 3974 aut
1150 3917 1199 3974 si
1229 3919 1369 3997 quid
1397 3919 1612 3977 sinistri
1639 3938 1768 3978 sese
1789 3917 2012 3988 offerat,
2033 3939 2110 3977 ne
2137 3919 2336 3976 odiose
2362 3933 2721 3997 extorquea-

255 4010 422 4050 mus:
465 3993 783 4067 proesertim
814 3991 947 4052 cam
974 3993 1227 4055 licentiae
1254 3997 1456 4056 vitium
1484 4015 1620 4056 cum
1664 3998 1911 4070 Graecis,
1957 3997 2116 4056 unde
2160 3997 2564 4076 sumpsissent,
2607 3997 2719 4056 sibi

254 4088 585 4140 commune,
613 4069 870 4140 licentia,
902 4073 988 4130 uti
1012 4072 1183 4142 solet,
1212 4093 1453 4134 auxere.

334 4147 488 4207 lllud
518 4149 673 4216 vero,
704 4150 864 4226 quod
889 4150 1067 4241 aliqui
1096 4152 1439 4222 dubitando,
1470 4153 1706 4232 quidam
1747 4156 1922 4214 etiam
1963 4154 2351 4216 asseverando
2398 4154 2718 4232 negabant,

254 4227 481 4287 fabulas
508 4227 889 4288 Terentianae
929 4230 1207 4290 trimetris
1247 4231 1738 4309 circumscriptas,
1779 4234 1988 4292 falsum
2034 4253 2160 4292 esse
2203 4233 2721 4312 deprehendimus.

252 4304 407 4364 Nam
430 4319 492 4366 et
512 4305 667 4386 apud
690 4325 823 4364 eum
846 4314 1079 4384 poetam
1105 4308 1237 4387 plus
1258 4329 1385 4368 esse
1406 4310 1580 4388 hujus
1608 4310 1877 4370 carminis
1897 4310 2188 4370 invenies:
2217 4325 2282 4372 et
2301 4313 2529 4379 contra,
2557 4311 2722 4388 apud

252 4381 526 4468 Plautum
548 4385 883 4463 quadratos,
902 4385 1129 4464 aliaque
1150 4387 1479 4466 longiorum
1500 4406 1736 4464 genera.
1821 4388 2046 4446 Andria
2068 4391 2218 4466 pene
2240 4410 2318 4448 ex
2337 4409 2512 4466 equo
2531 4389 2724 4448 divisa

248 4476 310 4520 m
330 4477 652 4542 utrumque
678 4483 866 4540 genus
886 4475 992 4522 est.
1076 4465 1256 4522 Haud
1280 4464 1433 4522 enim
1456 4464 1538 4523 ita
1561 4463 1744 4522 multo
1763 4467 1837 4524 ab
1855 4465 2044 4543 longis
2059 4467 2418 4526 senariorum
2439 4485 2722 4524 numeros

248 4551 574 4608 wperatur.
628 4543 697 4610 ln
720 4541 1030 4609 Eunucho,
1052 4553 1115 4600 et
1144 4543 1836 4614 Heautontimorumeno,
1859 4544 2018 4604 item.
2069 4545 2230 4604 Atin
2262 4543 2547 4620 Adelphis
2565 4544 2722 4621 pene

248 4623 324 4672 θ*
356 4618 677 4685 quadrante
698 4619 861 4698 longi
890 4621 963 4682 ab
1004 4620 1245 4692 senariis
1284 4621 1676 4682 exceduntur.
1755 4622 2168 4682 Phormionem
2212 4619 2410 4695 potior
2453 4622 2722 4692 senario·

244 4697 374 4742 ruia
394 4708 675 4756 ,numerus
700 4697 956 4768 conficit.
1028 4700 1271 4778 Hecyra
1295 4699 1485 4762 laxior
1508 4699 1728 4776 fabula,
1757 4719 1828 4763 ao
1855 4697 2182 4779 pedestrior
2207 4707 2334 4766 est-3
2359 4696 2561 4775 inque
2589 4717 2720 4758 om-
