3067 4959
320 335 381 430 ἰ
482 369 495 378 -
1250 323 1981 394 PRoLEGoMENA

356 493 419 552 in
451 492 681 553 Catone
702 488 943 586 majore,
974 487 1018 520 “
1044 483 1337 565 Equidem
1358 485 1569 546 efferor
1587 486 1784 548 studio
1811 498 2008 566 patres
2033 497 2277 558 vestros,
2306 507 2454 567 quos
2479 491 2640 550 colui
2669 503 2732 552 et
2753 495 2840 554 di-

356 564 751 640 lexi,videndi
772 586 789 623 x
812 564 826 587 '
866 583 1059 642 neque
1087 583 1188 623 eos
1215 567 1351 623 νει-ὸ
1378 565 1568 625 solum
1593 565 1907 626 convenire
1931 585 2077 625 aveo
2097 585 2244 646 quos
2261 567 2386 644 ipse
2413 571 2702 648 cognovi3
2731 574 2836 634 sed

359 649 491 708 illos
512 645 707 712 etiam,
731 643 806 701 de
824 642 1033 721 quibus
1060 642 1274 712 audivi,
1292 654 1353 701 et
1374 643 1510 720 legi,
1529 655 1592 700 et
1611 641 1737 721 ipse
1749 644 2085 722 conscripsi.
2128 647 2264 710 Quo
2282 645 2338 702 in
2359 645 2492 706 loco
2517 651 2838 710 convenire

364 724 711 786 Theodorus
756 721 1173 798 interpretatur
1219 723 1394 796 εὑρεῖν,
1446 721 1606 800 quod
1642 722 1802 781 certe
1844 735 1934 782 est
1980 723 2274 783 invenire:
2317 725 2418 783 ubi
2454 745 2561 786 nos
2602 729 2836 788 errasse

366 801 745 864 Theodorum
770 799 1101 878 putavimus
1137 798 1471 878 aliquando.
1551 798 1814 860 Terentii
1842 800 1988 862 illud
2025 801 2085 859 in
2113 801 2359 882 Hecyra
2381 807 2582 882 aperte
2622 807 2686 865 id
2729 807 2837 868 de·

364 891 686 942 monstrate

556 960 698 1008 Pom.
732 955 791 1006 In
812 972 959 1008 arcem
982 963 1239 1006 transcurso
1259 964 1331 1004 est
1352 972 1478 1020 opus.
1511 960 1626 1006 Par.
1646 960 1719 1006 cui
1741 956 1950 1004 homini?
1985 960 2122 1010 Pam.
2146 959 2238 1012 tibi.

560 1025 676 1070 Par.
708 1021 767 1067 In
789 1021 967 1070 arcem!
1004 1022 1111 1082 quid
1125 1021 1219 1068 26?
1256 1023 1392 1068 Pam.
1416 1020 1753 1070 Callidemidem
1778 1023 1999 1084 hospitem

558 1085 846 1147 Myconium,
871 1087 946 1146 qui
968 1101 1145 1132 mecum
1162 1083 1253 1132 una
1274 1085 1489 1133 advectus
1508 1096 1590 1140 est,
1615 1087 1819 1134 conveni.

562 1151 689 1204 Quid
710 1150 895 1197 cessas?
928 1151 1043 1197 Par.
1062 1149 1169 1211 quid
1192 1150 1262 1195 vis
1278 1149 1421 1196 dicam
1438 1150 1462 1196 ἲ
1492 1165 1553 1198 au
1573 1152 1836 1198 conveniam
1859 1150 2033 1198 modd?

446 1217 546 1276 Ex
571 1217 713 1272 Act.
740 1213 851 1271 1v.
875 1231 1035 1273 scen.
1061 1212 1116 1271 1.
1156 1213 1295 1272 Nisi
1316 1213 1456 1272 mihi
1478 1214 1612 1274 deor
1632 1216 1774 1273 satis
1797 1214 2124 1292 scioj‘icissc
2147 1215 2377 1291 iratos]
2461 1218 2603 1278 Nisi
2631 1233 2832 1298 poste·

368 1295 523 1355 riore
547 1291 857 1372 producta,
884 1291 1133 1350 sumitur
1156 1301 1351 1348 autem
1380 1291 1496 1349 hoc
1532 1291 1688 1360 loco,
1729 1302 1796 1350 ut
1821 1293 2017 1352 multis
2043 1293 2168 1352 aliis
2210 1293 2268 1349 in
2315 1293 2430 1352 hoc
2473 1297 2684 1356 eodem
2729 1318 2834 1357 au-

370 1375 561 1443 thore,
588 1389 697 1448 pro
722 1370 839 1429 sed.
920 1369 1073 1428 Vide
1110 1367 1383 1427 Eunuch.
1412 1372 1553 1428 Act.
1602 1370 1719 1428 111.
1759 1388 1917 1429 scen.
1961 1371 2070 1429 IV.
2109 1389 2340 1430 versum
2383 1373 2671 1433 ultimum.
2757 1379 2836 1436 Et

370 1471 531 1512 scen.
561 1449 635 1508 V.
678 1448 794 1518 Ab,
822 1447 917 1518 ab,
943 1447 1071 1520 alu]
1120 1444 1435 1505 Histrionis
1460 1447 1636 1507 tertia
1661 1449 1784 1507 inte
1815 1449 1992 1508 ’ectio
2033 1467 2160 1508 esse
2187 1449 2438 1521 videtur,
2465 1453 2836 1532 proindeque

368 1541 541 1591 extra
566 1545 797 1587 versum
822 1535 935 1586 est.
1018 1523 1172 1582 Vide
1216 1523 1489 1584 Eunuch.
1534 1529 1679 1584 Act.
1717 1469 1835 1585 ΠΡ.
1873 1545 2034 1586 scen.
2077 1526 2128 1586 1.
2165 1539 2228 1587 et
2259 1525 2832 1590 Heautontimorum.

372 1609 519 1668 Act.
544 1606 620 1663 V.
646 1623 806 1664 scen.
834 1605 885 1662 1.
930 1603 1011 1660 Et
1035 1620 1195 1660 scen.
1222 1601 1331 1660 VI.
1378 1601 1523 1669 Quae
1547 1624 1608 1661 se
1627 1603 1916 1664 inhoneste?
1953 1607 2170 1684 optavit
2181 1625 2401 1685 parare
2425 1605 2518 1666 ha:
2545 1610 2832 1685 divitica]

372 1686 427 1744 E
536 1704 571 1742 e
595 1685 761 1742 locus
788 1681 887 1740 hic
912 1679 1212 1739 notatione
1238 1679 1393 1739 visus
1418 1693 1507 1739 est
1538 1694 1778 1760 propter
1817 1682 2156 1751 novitatem,
2199 1685 2407 1744 malam
2436 1685 2648 1745 favoris
2689 1705 2838 1746 con·

372 1764 426 1823 ci
452 1763 737 1822 natricem.
814 1759 965 1818 Sunt
991 1758 1091 1838 qui
1109 1778 1322 1837 parere
1346 1777 1463 1815 non
1484 1780 1702 1836 parare
1721 1759 2020 1839 scripsisse
2045 1765 2284 1839 poetam
2311 1764 2492 1822 velint
2511 1787 2528 1822 ε
2567 1777 2631 1824 at
2657 1765 2720 1822 id
2747 1767 2836 1824 fa-

372 1859 530 1912 cere,
560 1850 651 1898 est
674 1857 791 1897 non
816 1856 1021 1896 sanare
1047 1836 1292 1894 vulnus=
1332 1855 1525 1913 neque
1553 1837 1708 1896 enim
1729 1859 1946 1918 parare
1971 1839 2030 1896 in
2059 1841 2238 1901 taius&¹
2275 1854 2404 1901 erat
2441 1861 2550 1901 cur
2574 1842 2694 1901 suis
2723 1863 2836 1904 nu-

369 1918 545 1978 meris
570 1936 690 1976 non
716 1927 1012 1976 constaret
1036 1913 1317 1985 senarius,
1357 1933 1552 1992 neque
1572 1937 1781 1994 parere
1807 1929 1874 1976 ut
1901 1930 2214 1977 constaret.
2299 1919 2432 1998 Ego
2463 1921 2662 1990 ditia-r,
2709 1941 2834 1980 non

368 1997 621 2068 divitia-r,
660 1994 961 2074 scripsisse
1006 1991 1347 2051 Terentium
1394 2004 1559 2071 puto.
1641 1994 1808 2052 Idem
1835 1995 1894 2052 in
1924 1995 2254 2054 Heautont.
2297 1999 2438 2056 Act.
2468 1999 2520 2057 1.
2545 2017 2710 2058 scen.
2741 2001 2830 2058 ΙΙ.

368 2077 675 2142 Parenta,
691 2073 947 2154 patriam
972 2068 1322 2142 incolumem,
1346 2072 1573 2141 amicos,
1641 2073 1788 2142 σπη’,
1813 2074 2063 2144 divitias,
2093 2075 2194 2133 ubi
2219 2094 2338 2152 quo
2383 2094 2456 2134 ue
2483 2077 2658 2136 ditias
2697 2097 2842 2156 pos·

368 2153 523 2212 ttilat
546 2163 745 2211 octon.
770 2150 1069 2210 iambicus.
1152 2149 1381 2208 Rursus
1409 2152 1553 2209 Act.
1573 2093 1693 2208 151.
1718 2169 1880 2210 scen.
1907 2152 1990 2209 11.
2041 2153 2296 2210 Vicinum
2377 2175 2484 2212 unc
2507 2177 2530 2214 .-
2575 2154 2784 2215 ndstiu'
2802 2157 2842 2213 ἒ

368 2241 435 2290 at
458 2231 623 2309 quasi
644 2230 697 2288 is
720 2249 833 2288 non
858 2228 1095 2295 divitiis,
1124 2226 1225 2284 ubi
1250 2238 1313 2286 et
1336 2228 1497 2287 ditiis
1520 2245 1723 2286 versus
1748 2227 2027 2305 efflagitat
2049 2228 2327 2287 senarius.
2393 2231 2514 2290 Dis
2541 2233 2704 2292 certe
2723 2253 2842 2312 pro

369 2309 517 2368 divis
542 2304 699 2364 idem
726 2304 874 2364 dixit
900 2305 961 2364 in
987 2303 1145 2364 Adel
1188 2304 1247 2362 h.
1324 2305 1445 2366 Dis
1470 2306 1692 2385 quidem
1717 2325 1861 2366 esses
1906 2305 2146 2364 Demea.
2231 2307 2384 2364 cum
2403 2306 2586 2383 igitur
2610 2312 2867 2371 divitiae·

367 2403 658 2464 nusquam
684 2384 972 2462 reperiam
1016 2325 1187 2462 apud,
1219 2382 1379 2444 hunc
1424 2383 1750 2455 authorem,
1790 2382 1902 2442 nisi
1940 2382 2029 2441 his
2067 2382 2211 2443 locis
2238 2403 2387 2463 quos
2425 2383 2622 2457 citavi,
2653 2400 2718 2446 et
2748 2390 2846 2448 his

368 2463 391 2523 i
464 2463 511 2524 is
535 2462 804 2522 omnibus
828 2463 993 2528 ditia
1034 2479 1272 2520 carmen
1310 2461 1590 2544 postulet,
1629 2475 1692 2523 et
1737 2458 2228 2542 quemadmodum
2263 2463 2355 2524 dis
2391 2481 2500 2542 pro
2539 2464 2720 2538 dives,
2751 2467 2838 2527 ita

410 2544 533 2606 itiae
558 2561 665 2622 pro
684 2542 907 2602 dietrice
934 2539 1053 2600 dici
1076 2539 1394 2619 potuerint,
1422 2560 1548 2604 rem
1575 2540 1810 2620 dignam
1839 2539 2039 2619 putavi
2065 2559 2238 2620 quam
2265 2553 2327 2600 et
2349 2540 2672 2602 indicarem
2701 2563 2840 2624 ego,

370 2633 433 2682 et
458 2621 518 2679 in
541 2639 715 2701 quam
742 2621 839 2680 alii
858 2617 1197 2697 diligentius
1220 2617 1604 2699 inquirerent.
1691 2615 1929 2702 Optume}
1949 2619 2162 2698 hesper,
2185 2619 2304 2701 pol,
2327 2620 2511 2691 Crito,
2537 2622 2844 2702 antiquum

368 2700 636 2774 obtines]
723 2699 1049 2780 Opportune
1122 2716 1187 2756 ro
1214 2698 1441 2777 optime,
1468 2697 1571 2780 qui
1597 2697 1915 2778 legendum
1953 2709 2166 2776 putant
2190 2711 2258 2758 ut
2283 2697 2477 2759 versui
2505 2701 2841 2771 consulant,

370 2777 569 2858 potius
596 2777 770 2867 quam
798 2796 999 2836 morem
1026 2716 1265 2846 αιξὰαιιι,
1293 2775 1494 2834 vident
1534 2795 1668 2835 meo
1693 2775 1935 2914 {udicio
1975 2796 2221 2855 parum:
2263 2795 2398 2835 nam
2425 2787 2488 2836 et
2527 2783 2842 2858 opportune

370 2865 661 2915 sententia
688 2873 804 2912 non
830 2852 1106 2932 postulat,
1134 2864 1197 2912 et
1222 2853 1282 2912 in
1312 2854 1558 2933 Hecyra
1582 2854 1674 2922 ita„

370 2934 590 3012 tiquam
617 2941 787 3011 atque
811 2931 1098 3010 ingenium
1124 2932 1355 2992 obtines.
1436 2933 1574 2994 Non
1601 2945 1693 2993 est
1731 2931 1890 3012 quod
1934 2951 2042 2991 nos
2089 2943 2320 2992 moveat
2356 2933 2690 3012 interpretis
2727 2950 2840 2992 au:-

370 3009 618 3072 thoritas
644 3009 702 3068 in
728 3010 875 3070 illud
902 3009 1233 3071 Gnathonis
1258 3011 1319 3070 in
1348 3012 1676 3072 Eunucho:
1721 3012 1860 3072 Non
1897 3031 2164 3091 cognosco
2199 3021 2445 3072 vestrum
2487 3023 2607 3071 tam
2642 3033 2842 3092 super·-

370 3091 520 3162 bum,
550 3089 651 3152 ubi
680 3089 779 3150 ille
804 3087 1099 3171 superbum
1126 3088 1245 3150 dici
1264 3091 1389 3151 vult
1408 3091 1695 3164 absolute,
1723 3101 1790 3150 ut
1816 3089 1933 3149 hoc
1964 3089 2229 3160 Andriae,
2257 3091 2554 3169 antiquum
2571 3089 2794 3150 obtines
2815 3117 2838 3151 .-

370 3187 492 3230 non
511 3179 601 3229 est
623 3169 861 3272 inquam
883 3167 1040 3249 quod
1065 3187 1171 3228 nos
1192 3181 1463 3229 moveat=
1502 3170 1786 3248 scriptum
1813 3167 2102 3246 siquidem
2132 3167 2366 3228 invenio
2403 3188 2476 3227 eo
2515 3169 2670 3238 loco,
2701 3171 2842 3229 Non

370 3268 536 3310 nosco
554 3269 711 3328 genu
754 3259 999 3308 vestrum
1025 3255 1142 3304 tam
1168 3247 1483 3326 superbum.
1567 3249 1678 3306 Est
1713 3245 1874 3324 quod
1903 3247 2060 3305 Galli
2089 3245 2314 3306 dicunt.
2413 3248 2558 3307 νοω
2583 3267 2656 3305 ne
2680 3267 2840 3307 seret.

362 3347 477 3407 pas
500 3327 553 3385 si
576 3327 831 3386 mauvais
846 3351 873 3396 ,-
914 3334 1073 3384 votre
1086 3323 1231 3402 pere
1254 3321 1391 3383 etoit
1416 3327 1469 3383 si
1495 3324 1621 3383 bon.
1665 3324 1762 3382 Ex
1797 3325 1935 3380 Act.
1965 3325 2040 3381 V.
2067 3343 2225 3386 scen.
2255 3326 2364 3384 IV.
2423 3323 2708 3384 Andrium
2729 3345 2841 3403 ego

378 3405 667 3464 Critonem
692 3405 852 3463 video
866 3403 898 3460 9
936 3411 993 3462 et
1014 3402 1165 3460 certe
1188 3401 1240 3459 is
1264 3410 1368 3473 cst,
1394 3401 1580 3462 salvos
1605 3402 1684 3461 sis
1714 3401 1898 3461 Crito.

454 3479 675 3539 Versus
702 3480 818 3549 hic,
848 3479 985 3537 cum
1014 3476 1347 3538 trochaicus
1386 3497 1515 3539 esse
1557 3479 1772 3539 debeat
1817 3479 2219 3554 catalecticus,
2259 3481 2532 3561 corrupte
2573 3479 2800 3558 legitur
2822 3505 2857 3542 ε’

374 3575 549 3638 quem
578 3567 647 3614 ut
674 3557 1013 3617 emendaret
1040 3556 1338 3628 Erasmus,
1386 3558 1435 3617 is
1476 3556 1772 3618 detraxit:
1813 3557 2008 3616 versui
2049 3561 2286 3637 quidem
2328 3561 2489 3620 certe
2521 3559 2841 3630 consuluit,

374 3633 683 3714 elegantiae
708 3652 825 3692 non
850 3632 1057 3694 habuit
1082 3635 1385 3706 rationem,
1414 3655 1550 3713 quoe
1571 3637 1622 3696 is
1646 3636 1758 3696 sibi
1785 3635 2012 3695 detrahi
2051 3657 2170 3697 non
2208 3638 2450 3717 patitur.
2531 3639 2662 3716 Ego
2703 3653 2845 3716 post

375 3733 507 3775 eam
545 3711 1080 3792 interrogationem,
1125 3714 1411 3772 Andrium
1451 3735 1555 3794 ego
1596 3715 1884 3775 Critonem
1919 3715 2126 3775 video?
2165 3717 2248 3775 Et
2287 3719 2435 3776 certe
2471 3715 2681 3794 subjici
2721 3735 2844 3775 uon

372 3804 522 3874 puto
542 3791 846 3852 commode
868 3815 885 3860 ς
922 3811 1078 3852 ecere
1102 3809 1221 3850 non
1247 3801 1303 3851 et
1326 3793 1493 3864 certe,
1522 3805 1668 3872 puto
1685 3792 1987 3871 scripsisse
2007 3794 2368 3854 Terentium.
2435 3795 2620 3855 Ecere
2639 3805 2842 3854 autem

375 3870 713 3930 adverbium
743 3882 835 3930 est
872 3869 1129 3945 jurandi,
1178 3887 1251 3928 ac
1291 3870 1342 3928 si
1384 3871 1633 3943 diceres,
1677 3889 1784 3950 per
1825 3872 2002 3930 cedem
2045 3873 2290 3946 Cereris,
2335 3885 2404 3932 ut
2445 3882 2706 3944 aecastor,

375 3949 555 4009 cedem
586 3949 841 4009 Castoris
858 3974 884 4018 ,-
926 3949 1023 4008 aed
1088 3947 1161 4018 ol,
1180 3969 1291 4028 per
1317 3951 1495 4009 cedem
1540 3949 1811 4012 Pollucis.
1893 3949 1986 4008 Eo
2015 3969 2152 4010 usus
2181 3964 2271 4011 est
2298 3952 2564 4022 Plautus,
2607 3971 2681 4010 eo
2726 3895 2845 4010 fece-r

376 4027 599 4086 tentius
626 4045 741 4085 non
770 4026 966 4087 semel.
1081 4037 1147 4086 ta
1173 4038 1234 4086 et
1258 4026 1552 4106 elegantia
1579 4039 1641 4088 et
1664 4048 1864 4088 versus
1883 4029 2225 4089 Terentium
2246 4029 2546 4109 scripsisse
2567 4029 2843 4090 clamant.

1748 2865 1974 2914 erent.=
2019 2857 2104 2914 At
2128 2864 2192 2915 tu
2217 2865 2459 2915 aecastor
2495 2877 2702 2916 morem
2727 2877 2841 2915 an-

260 4103 275 4124 '
376 4104 545 4164 Idem
574 4116 702 4164 erat
724 4104 1010 4186 flagitium
1041 4104 1098 4163 in
1128 4105 1404 4165 Eunuchi
1433 4109 1576 4167 Act.
1605 4107 1681 4166 V.
1707 4127 1869 4168 scen.
1895 4108 1981 4168 11.
2020 4107 2190 4166 Idem
2217 4108 2274 4166 in
2307 4108 2566 4189 Adelph.
2609 4111 2752 4168 Act.
2795 4109 2845 4165 Ι.

378 4201 537 4242 scen.
566 4183 616 4242 1.
697 4183 863 4242 Idem
890 4183 1089 4244 multis
1116 4185 1242 4244 aliis
1283 4185 1447 4243 locis.
1492 4187 1666 4246 Itane
1689 4186 1821 4247 verb
1846 4185 2106 4247 obturbat
2125 4189 2192 4263 θ]
2239 4186 2442 4247 Locus
2471 4188 2541 4258 si,
2571 4198 2636 4244 ut
2661 4187 2848 4244 inter·

375 4274 575 4342 pretes
598 4261 823 4335 volunt,
862 4263 988 4322 acci
1034 4262 1204 4335 iatur,
1234 4275 1301 4322 ut
1324 4261 1457 4323 verb
1484 4264 1824 4323 adverbium
1863 4265 1957 4335 sit,
2000 4264 2234 4342 sintque
2283 4265 2411 4325 haec
2454 4267 2607 4324 inter
2633 4283 2697 4323 se
2727 4263 2848 4322 dis-

378 4341 585 4414 tincta,
626 4343 799 4404 Itane
837 4340 971 4401 verb
1087 4342 1366 4414 obturbat,
1414 4354 1760 4420 corruptum
1805 4361 1932 4402 esse
1973 4341 2168 4400 locum
2213 4344 2643 4404 asseveratione
2685 4342 2850 4400 omni

380 4421 681 4480 confirma.
762 4418 937 4488 Quod
962 4419 1011 4478 si
1036 4439 1169 4480 vero
1192 4439 1407 4480 nomen
1434 4421 1509 4479 sit
1535 4440 1676 4480 casu
1703 4419 1901 4491 dandi,
1929 4419 2334 4500 referaturque
2361 4421 2438 4479 ad
2463 4422 2710 4480 verbum
2749 4420 2854 4480 ob·

378 4499 594 4572 turbat,
638 4499 953 4560 obturbare
994 4516 1136 4556 vero
1180 4499 1291 4557 erit
1317 4498 1551 4559 veritati
1586 4501 1944 4578 obstrepere.
2027 4498 2286 4558 Miratur
2328 4518 2473 4576 ergo
2519 4499 2688 4558 Crito
2723 4509 2856 4558 tam

380 4589 509 4704 pase
533 4579 765 4712 sipritati
789 4577 1096 4664 adversum
1124 4575 1442 4658 Simonem,
1470 4589 1540 4641 ut
1565 4577 1622 4644 ei
1647 4579 1968 4658 obstrepat,
2007 4590 2069 4642 et
2094 4596 2234 4641 vera
2277 4576 2544 4638 dicentes
2570 4589 2733 4638 amet
2759 4577 2861 4639 in·-

410 4667 549 4728 erpe
592 4675 708 4718 are.
