3067 4959
1117 322 1764 393 TERENTIANA.
2556 330 2667 397 xl!

173 504 304 545 non
331 496 494 546 esset
517 486 768 553 iambus,
841 500 974 543 uem
1000 482 1286 545 trochaici
1327 504 1446 545 non
1478 485 1791 565 recipiunt.
1870 484 2027 545 Mihi
2052 488 2217 549 certe
2242 486 2479 549 iambici
2504 498 2670 550 octo-

173 565 335 625 narii
365 566 663 633 videntur,
691 582 771 643 qu
827 582 894 621 es
919 562 1102 641 etqui
1125 564 1491 640 praecedunt,
1513 576 1575 623 et
1600 565 1699 643 qui
1726 578 2072 643 sequuntur,
2101 578 2281 645 atque
2306 566 2393 627 ita
2416 566 2671 647 legendi,

457 661 643 723 Aliquid
661 659 866 713 facem,
891 666 940 705 ut
961 658 1049 705 hoe
1071 674 1130 707 ne
1149 658 1372 706 facerem:
1413 659 1491 706 sed
1513 660 1621 721 quid
1641 660 1837 723 primbm
1862 676 1983 709 nunc
2002 675 2199 723 exequar
2212 662 2236 707 ἲ

429 720 442 734 “
457 724 718 787 Impediunt
736 738 812 769 me
831 730 900 769 tot
921 737 1056 777 eurae,
1080 738 1183 785 quae
1205 738 1356 769 meum
1379 724 1578 771 animum
1601 725 1781 774 diverse
1802 726 1999 781 trahunt,

457 790 620 845 Amor,
645 790 776 851 hujus
793 787 1108 843 misericordia,
1133 788 1390 849 nuptiarum
1413 788 1689 837 sollicitatio.

179 870 425 929 Versus
455 871 634 947 pori-6
661 869 778 936 ille,

460 948 552 996 Sed
573 964 698 995 nunu
711 962 904 1010 peropus
925 952 996 993 est
1015 954 1094 992 aut
1113 946 1234 992 bunc
1255 960 1358 992 eum
1381 943 1492 1009 ipsi,
1515 954 1595 993 aut
1615 962 1693 995 me
1712 948 1876 1011 aliquid
1895 948 1953 997 de
1974 945 2049 997 im
2067 946 2305 997 adversum
2326 948 2448 996 bunc
2465 948 2605 1010 loqui.

183 1012 358 1073 cum
386 1012 462 1071 sit
491 1011 847 1079 octonarius,
877 1009 1160 1087 legendus
1188 1008 1274 1067 sic
1302 1020 1414 1079 est,

458 1108 550 1155 Sed
571 1123 693 1155 nunc
713 1105 900 1170 peropu'
923 1114 1006 1161 est,
1027 1112 1104 1152 aut
1125 1106 1243 1151 hunc
1265 1120 1368 1152 cum
1391 1102 1506 1167 ipsd,
1527 1113 1607 1153 aut
1628 1121 1705 1153 me
1724 1106 1891 1169 aliquid
1911 1106 1967 1155 de
1982 1105 2057 1157 3113
2078 1105 2317 1157 adver-hm
2340 1110 2461 1157 hunc
2482 1108 2624 1173 loqui.

273 1186 398 1247 Ubi
428 1188 604 1267 pauld
631 1189 782 1267 pdst,
1424 1202 1432 1213 “

455 1284 586 1331 Bene
608 1292 654 1332 et
675 1282 837 1347 pudice
858 1285 957 1348 ejus
981 1282 1163 1331 doctum
1188 1290 1324 1345 atque
1343 1283 1573 1337 eductum,
1595 1283 1739 1331 sinam

457 1347 682 1399 Coenum
705 1357 909 1412 egestate
931 1348 1166 1412 ingenium
1188 1346 1504 1401 immutarier-2,

271 1428 426 1507 Ejus
453 1430 761 1499 redundat,
789 1429 980 1488 versui
1021 1427 1174 1486 enim
1205 1426 1402 1493 officit,
1433 1436 1494 1484 et
1520 1426 1831 1485 venustati.
1912 1427 2050 1495 Ubi,
2090 1428 2175 1486 Ee
2212 1429 2296 1487 ad
2415 1428 2673 1488 dicitiam

188 1516 248 1565 et
289 1508 375 1566 ad
411 1510 708 1566 tutandam
747 1528 864 1567 rem
893 1506 1080 1567 sient?
1163 1506 1264 1565 Ad
1289 1505 1611 1564 secundum
1643 1505 1862 1563 eisdem
1890 1504 1966 1565 de
1992 1506 2183 1565 causis
2210 1505 2336 1565 tolli
2357 1506 2669 1565 voluimus:

191 1605 344 1662 quas
371 1586 560 1645 secuti
590 1586 764 1645 etiam
792 1604 994 1644 sumus
1021 1586 1080 1643 in
1110 1582 1480 1643 emendando
1509 1602 1680 1641 versu
1709 1583 1827 1653 illo,
1868 1604 2043 1662 quem
2082 1584 2235 1661 pene
2279 1585 2673 1663 preterieram

191 1685 270 1722 ex
305 1664 642 1731 octonariis,
668 1665 765 1723 aba·
787 1666 1038 1725 domum.
1117 1664 1200 1721 Id
1223 1660 1364 1721 mihi
1390 1662 1541 1721 visus
1567 1672 1647 1720 est
1674 1662 1882 1731 dicere,
1910 1662 2007 1722 abi
2043 1662 2155 1723 σίἰὸ
2186 1671 2242 1721 et
2277 1664 2553 1743 suspende
2596 1672 2671 1721 te.

193 1744 436 1808 Quanto
479 1743 824 1820 elegantius,
871 1742 988 1801 Abi
1039 1739 1173 1810 citb,
1227 1740 1506 1819 suspende
1552 1749 1627 1811 te,
1676 1739 1777 1797 ubi
1823 1759 1915 1797 res
1958 1741 2217 1819 postulet
2264 1740 2623 1800 celeritatem
2640 1740 2671 1798 ‚⁹

193 1821 402 1880 Taceo
430 1820 585 1899 quod
613 1832 770 1879 stare
795 1840 996 1879 versus
1023 1817 1194 1879 aliter
1223 1838 1336 1875 non
1369 1828 1582 1895 potest.
1656 1818 1796 1887 Ubi,
1830 1820 2005 1877 Hanc
2032 1817 2171 1877 mihi
2205 1818 2267 1877 in
2292 1839 2520 1877 manum
2549 1819 2671 1886 dat,

191 1920 352 1958 mors
389 1898 654 1959 continuo
680 1900 702 1957 i
739 1920 856 1957 sam
897 1906 1146 1976 occupat.
1229 1894 1376 1954 MY.
1419 1895 1736 1975 legendum
1780 1908 1924 1954 erat.
2008 1896 2131 1956 Ubi
2175 1897 2245 1954 Ρ.
2326 1898 2445 1955 Sed
2479 1917 2583 1955 cur
2606 1905 2673 1955 tu

193 1976 326 2036 abis
353 1977 424 2034 ab
459 1976 560 2035 illd
578 1978 610 2033 ἓ
769 1978 835 2033 Y.
881 1976 1244 2035 Obstetricem
1273 1994 1514 2033 accerso.
1599 1974 1666 2032 P.
1710 1972 1991 2051 Propera.
2074 1974 2237 2044 Abis,
2265 1974 2527 2033 senarius
2551 1992 2673 2031 non

195 2054 451 2133 patitur,
508 2053 736 2112 comica
788 2073 903 2111 non
957 2072 1310 2130 magnopere
1363 2050 1663 2111 desiderat
1708 2052 2018 2129 elegantia.
2118 2052 2348 2111 Locum
2398 2052 2557 2109 hunc
2606 2062 2674 2109 ut

195 2132 500 2200 claudam,
534 2128 800 2209 equidem
831 2130 930 2190 ubi
971 2130 1284 2208 diligenter
1324 2150 1440 2189 rem
1488 2130 1811 2209 perpendo,
1856 2148 2143 2209 nusquam
2193 2129 2345 2188 inter
2390 2128 2673 2187 iambicos

195 2210 378 2268 video
407 2208 736 2269 trochaicus
761 2210 796 2267 a
825 2208 1104 2269 Terentio
1149 2222 1364 2267 temere
1405 2208 1767 2284 interjectos,
1811 2228 1943 2287 quae
1989 2220 2157 2267 vetus
2202 2206 2513 2267 doctorum
2559 2206 2675 2267 fuit

199 2288 421 2366 opinio,
455 2308 642 2367 neque
669 2288 820 2347 inter
845 2289 972 2356 hoS,
1003 2287 1168 2347 illosz
1213 2288 1424 2365 quibus
1450 2288 1683 2346 tantum
1712 2286 2026 2365 generibus
2053 2306 2221 2347 usum
2270 2306 2398 2347 esse
2448 2284 2671 2346 Teren-

197 2368 343 2427 tium
387 2367 802 2426 animadverto.
883 2372 1090 2445 Atque
1129 2378 1196 2425 ut
1239 2365 1444 2443 aperte
1486 2365 1704 2438 videas,
1748 2377 1966 2445 quanta
2013 2366 2125 2425 hae
2170 2366 2230 2425 in
2278 2376 2447 2445 parte
2492 2364 2672 2431 libros

196 2448 498 2525 corruptio
527 2456 880 2524 pervaserat,
909 2457 1002 2505 est
1035 2447 1180 2505 Act.
1209 2444 1324 2503 111.
1349 2462 1434 2503 sc.
1465 2444 1549 2503 11.

455 2541 621 2589 Adhuc
643 2542 856 2589 Archillis
877 2556 980 2603 que
1001 2541 1216 2595 molent,
1237 2554 1432 2602 queque
1451 2547 1631 2601 oportet

455 2607 600 2669 Signa
621 2607 678 2655 ad
699 2606 890 2655 salutem
913 2622 1028 2661 esse,
1050 2605 1204 2653 omnia
1225 2606 1330 2651 huic
1349 2620 1452 2652 esse
1475 2605 1621 2651 video.

451 2670 594 2719 Nunc
615 2669 808 2735 primum
829 2670 902 2719 fac
921 2671 1050 2717 istnc
1075 2678 1124 2717 ut
1145 2670 1282 2725 lavet,
1306 2664 1410 2731 pdst
1433 2668 1594 2715 deinde

455 2736 594 2790 Quod
607 2736 726 2799 jussi
748 2736 788 2782 ei
812 2736 920 2782 dare
939 2734 1102 2789 bibere,
1123 2744 1169 2781 et
1191 2742 1410 2796 quantum
1433 2732 1665 2794 imperavi,

453 2800 608 2847 Date:
647 2815 755 2847 mox
777 2816 866 2863 ego
889 2800 979 2847 huc
995 2808 1212 2847 revertar.

453 2864 546 2912 Per
565 2874 741 2912 ecastor
761 2866 900 2911 scitans
919 2878 1032 2927 puer
1055 2870 1188 2910 natus
1207 2870 1279 2909 est
1305 2860 1561 2923 Pamphilo.

273 2946 506 3004 Primos
531 2957 652 3003 tres
677 2964 878 3003 versus
905 2942 1188 3001 iambicos
1215 2940 1496 3001 dimetros
1521 2960 1652 2999 esse
1678 2939 1863 2999 voluit
1906 2940 2203 3011 Erasmus,
2230 2940 2446 3017 quibus
2472 2950 2671 3000 tamen

198 3036 398 3083 essent
425 3023 641 3080 annexi
669 3022 786 3079 duo
815 3020 1094 3080 trochaei:
1137 3020 1258 3077 duo
1283 3032 1422 3078 sunt
1456 3019 1719 3087 trochaei,
1769 3020 2023 3097 Quaeque
2066 3028 2287 3097 oportet
2308 3040 2327 3075 .·
2368 3019 2509 3087 duo,
2552 3036 2671 3077 esse
2777 3017 2788 3030 ‘

200 3102 366 3159 video
391 3124 414 3158 .·
461 3100 732 3177 quoniam
771 3118 880 3177 pro
921 3098 1183 3156 trochaeo
1211 3098 1345 3176 poni
1377 3094 1736 3173 Tribrachys
1764 3107 1977 3173 potest,
2006 3096 2065 3152 in
2136 3114 2269 3153 uem
2298 3094 2527 3153 scilicet
2554 3094 2673 3153 dis-

199 3179 469 3245 solvitur,
503 3187 706 3255 utpote
733 3176 1091 3253 temporibus
1116 3194 1332 3253 parem.
1413 3176 1560 3237 Pbst
1588 3176 1813 3239 deinde,
1832 3173 1953 3231 duo
1978 3185 2107 3232 troc
2148 3171 2241 3231 aei.
2313 3175 2399 3231 At
2420 3170 2517 3230 hic
2544 3190 2672 3229 ver-

197 3276 319 3325 sus,
354 3258 529 3315 Nunc
553 3252 804 3347 primam
817 3256 940 3335 fixe
962 3256 1119 3313 istaec
1147 3263 1208 3312 nt
1231 3254 1414 3313 lavet.-
1459 3267 1627 3314 estne
1655 3253 1905 3311 dimeter
1930 3250 2248 3309 iambicus?
2330 3250 2577 3307 Erasmo
2596 3266 2671 3307 an

193 3335 375 3395 fuerit
407 3354 627 3404 nescio,
657 3332 796 3390 mihi
826 3332 988 3392 certe
1015 3350 1310 3411 nunquam
1339 3334 1468 3392 erit.
1550 3334 1685 3392 Jam
1714 3341 1986 3409 quartum
2013 3347 2267 3398 versum,
2298 3330 2469 3387 cu‘us
2498 3326 2671 3386 Eras-

197 3434 324 3473 mus
343 3434 532 3493 genus
549 3433 666 3471 non
687 3412 929 3482 notavit,
949 3430 1122 3491 quem
1147 3432 1274 3471 esse
1296 3410 1605 3470 dicemus?
1686 3410 1971 3475 Quintum
1990 3408 2163 3467 etiam
2183 3406 2341 3487 qudd
2400 3405 2672 3465 imetrum

197 3492 370 3552 faciat
393 3492 827 3561 catalecticum,
847 3490 995 3550 vidit
1015 3509 1148 3549 meo
1165 3490 1394 3568 judicio
1415 3508 1643 3568 parum.
1696 3488 1851 3546 Mihi
1869 3506 2063 3547 scenae
2084 3488 2255 3565 hujus
2276 3505 2475 3546 versus
2488 3504 2671 3565 gene-

199 3571 275 3629 ris
301 3583 433 3629 sunt
463 3572 750 3647 ejusdem:
782 3568 1017 3629 iambici
1039 3570 1192 3628 enim
1221 3580 1360 3627 sunt
1386 3586 1615 3635 omnes:
1645 3585 1933 3625 mensura».
1960 3578 2154 3625 tamen
2176 3566 2443 3646 disparis.
2508 3566 2673 3631 Qua·-

202 3660 329 3709 tuor
355 3650 548 3741 primi,
577 3648 790 3727 quibus
819 3668 954 3707 cum
983 3648 1073 3717 iis,
1145 3647 1204 3705 ui
1236 3646 1396 3705 domi
1421 3657 1579 3715 sunt,
1610 3645 1869 3723 loquitur
1898 3644 2133 3716 Lesbia,
2160 3648 2233 3705 ea
2259 3645 2485 3705 ratione
2512 3653 2672 3714 sunt,

201 3740 267 3787 ut
287 3730 452 3805 primi
471 3740 531 3787 et
552 3726 712 3787 tertii
733 3738 1017 3787 extremm
1039 3728 1126 3803 syl
1151 3727 1278 3783 abae
1295 3724 1460 3783 initia
1479 3723 1597 3783 sint
1616 3722 1863 3782 secundi
1880 3734 1943 3781 et
1962 3722 2182 3801 quarti:
2212 3724 2295 3782 ita
2314 3740 2518 3781 omnes
2538 3740 2673 3779 aca-

202 3805 455 3865 talectici
483 3818 673 3865 erunt.
757 3804 1064 3866 octonarii
1093 3822 1315 3873 omnes,
1337 3814 1551 3881 praeter
1580 3814 1881 3880 quartum;
1914 3800 1962 3859 is
1990 3799 2143 3859 enim
2172 3800 2423 3861 dimeter
2442 3810 2553 3867 est,
2571 3796 2675 3877 qui

205 3885 534 3943 octonarius
603 3905 640 3944 u
725 3904 800 3943 ue
825 3884 1052 3953 fuisset,
1079 3883 1188 3940 nisi
1210 3881 1284 3941 ad
1310 3892 1677 3961 spectatores
1698 3891 1759 3939 et
1774 3900 1839 3939 se
1860 3891 1920 3939 et
1942 3880 2265 3938 orationem
2296 3877 2513 3939 Lesbia
2532 3895 2675 3934 con·

203 3961 490 4020 vertisset.
561 3904 850 4023 gigffifiug
876 3963 935 4020 in
967 3960 1284 4019 Eunucho:
1329 3962 1565 4035 Itafltc
1590 3968 1653 4017 ut
1674 3958 1853 4038 jussi,
1881 3958 2239 4017 deducantur
2264 3956 2383 4028 isti,
2411 3954 2515 4030 85⁶.
2594 3954 2677 4013 Et

202 4039 358 4099 illius
387 4059 616 4131 quoque
646 4040 702 4099 in
724 4042 930 4101 eadem
959 4041 1154 4109 scena,
1183 4039 1432 4098 Memini
1455 4038 1683 4098 tametsi
1702 4035 1891 4095 nullus
1916 4056 2163 4105 moneas,
2185 4036 2287 4110 ᾂσ.
2372 4034 2677 4093 Extremae
2770 4030 2781 4047 ‘

205 4117 446 4197 syllabae
473 4118 644 4177 initiis
669 4140 696 4179 s
775 4119 1039 4179 nentium
1061 4136 1332 4177 versuum
1359 4128 1498 4176 sunt
1523 4112 2070 4175 accommodandas:
2103 4114 2263 4193 quod
2288 4121 2353 4171 et
2377 4110 2504 4169 aliis
2531 4110 2679 4167 locis

211 4216 326 4336 ripn
356 4196 566 4275 paucis
592 4208 654 4255 et
676 4196 1208 4267 animadvertimus,
1236 4208 1298 4255 et
1323 4194 1724 4255 indicavimus.
1808 4190 2029 4271 Scripti
2060 4193 2203 4251 mihi
2232 4192 2319 4251 sic
2342 4188 2615 4249 videntur
2641 4186 2681 4243 a

266 4276 534 4336 erentio:

461 4354 634 4403 Adhuc
655 4354 864 4404 Archillis
884 4371 987 4418 quae
1006 4354 1222 4409 adsolent,
1244 4368 1434 4416 quaeque
1455 4368 1559 4401 esse
1579 4358 1758 4415 oportet
1778 4349 1837 4397 ad
1856 4346 2043 4397 salutem

457 4420 614 4483 Signa.
637 4420 764 4467 omni
783 4422 888 4469 huic
907 4434 1012 4468 esse
1032 4418 1179 4466 video.
1243 4418 1384 4466 Nunc
1405 4414 1603 4479 primum
1624 4418 1753 4464 istnc
1774 4422 1827 4462 ut
1846 4414 1971 4461 lavet

454 4484 646 4533 Facite:
681 4480 788 4548 pdst
807 4486 982 4540 ddnde,
1003 4484 1124 4545 quod
1135 4484 1268 4546 jussi,
1291 4484 1334 4532 ei
1355 4484 1460 4531 date
1475 4482 1641 4537 bibere,
1662 4488 1711 4531 et
1732 4485 1949 4543 quantum
1972 4478 2190 4541 imperavi

452 4548 584 4598 Date
603 4568 618 4599 ε
656 4564 768 4599 mox
789 4564 882 4613 ego
904 4558 1105 4597 revertar
1123 4548 1226 4597 huc.
2246 4558 2257 4565 ·

267 4631 492 4702 Facite,
521 4641 592 4691 ut
728 4633 870 4709 sac,
899 4634 1244 4707 reponerem
1271 4646 1389 4687 non
1419 4626 1566 4687 fecit
1592 4624 1795 4685 versus
1820 4622 1997 4691 ratio;
2024 4618 2153 4687 sed,
2174 4604 2353 4695 qu‘Jdv
2368 4602 2503 4659 ‘1⁰1⁶
2524 4600 2683 4697 dixi}

193 4726 418 4793 postes,
444 4728 574 4770 non
600 4650 698 4769 Σι.
789 4709 974 4780 Date,
1001 4704 1178 4786 porro
1202 4724 1332 4767 esso
1355 4704 1697 4785 legendum,
1722 4720 1844 4765 non
1868 4700 2031 4769 dare,
2058 4705 2125 4753 ‘t
2148 4684 2385 4781 ⁰9d¹⁰²⁸
2410 4684 2683 4773 mimum
