3067 4959
351 338 400 383 x
1207 316 1937 385 PROLEGOMENA

951 480 1116 539 Idem
1141 478 1218 539 de
1245 478 1490 559 Optimo
1517 480 1757 539 Genere
1783 478 2239 559 Interpretaudi.

439 556 756 625 Terentius
781 558 1196 627 Menandrum,
1224 557 1470 618 Plautus
1497 570 1561 616 et
1590 556 1861 617 Caecilius
1890 570 2119 619 veteres
2146 558 2424 621 Comicos
2454 564 2825 659 interpretati

359 652 536 701 sunt:
581 639 860 719 numquid
887 638 1110 695 haerent
1137 636 1196 693 in
1221 636 1416 695 verbis
1436 635 1467 692 ?
1507 654 1581 695 ac
1608 655 1725 696 non
1753 636 2029 696 decorem
2058 637 2243 727 magis
2272 651 2337 699 et
2374 642 2729 723 elegantiam
2768 649 2827 707 in

359 720 740 781 tramlatione
765 726 1133 784 conservant,
1165 713 1342 793 quam
1371 712 1678 775 veritatem
1704 714 2201 793 interpretationis
2222 716 2253 773 Ρ
2672 720 2681 733 “

1090 808 1258 869 Idem
1285 807 1362 867 ad
1395 808 1633 869 Suniam
1662 821 1727 871 et
1756 810 2085 871 Fretellam.

441 891 616 949 Hanc
641 906 770 947 eoae
795 886 1060 967 regulam
1086 886 1226 947 boni
1245 888 1400 946 inter
1443 888 1607 957 retis,
1630 901 1697 947 ut
1718 888 1935 949 idioma
1952 888 2191 949 alterius
2210 889 2447 971 lingue,
2466 913 2591 953 ωε
2604 894 2826 975 linguae

359 967 650 1045 exprimat
675 985 784 1045 pro
827 968 1074 1027 rietate:
1101 965 1262 1055 quod
1325 966 1380 1023 ui
1426 984 1519 1024 em
1548 978 1613 1025 et
1639 966 1899 1025 Tullium
1928 966 1989 1023 in
2018 968 2344 1047 Protagora
2372 972 2655 1042 Platonis,
2678 987 2740 1034 et
2766 978 2823 1035 in

361 1044 750 1104 OEconomico
767 986 940 1105 Reno
983 1044 1196 1113 honus,
1213 1054 1276 1102 et
1361 1044 1717 1105 emosthenis
1738 1056 1946 1104 contra
1966 1044 2307 1106 AEschinem
2331 1050 2595 1111 oratioue
2614 1052 2825 1113 fecisse

357 1120 902 1263 {purinciguazndetn
963 1123 1217 1259 immin,
1261 1120 1631 1259 gerentium,
1660 1122 2084 1201 Caeciliumque
2122 1126 2541 1189 eruditissimos
2568 1132 2725 1191 viros
2764 1132 2822 1190 in

420 1218 584 1259 raecis
665 1220 760 1263 om
865 1220 936 1259 ns
991 1218 1124 1259 rans
1147 1218 1288 1259 eren
1333 1220 1400 1259 is.

1278 1296 1446 1355 Idem
1473 1296 1551 1355 ad
1578 1296 1908 1359 Paulinum.

437 1374 641 1435 Habet
661 1374 1004 1455 unumquod
1049 1392 1123 1433 ue
1143 1374 1507 1453 propositum
1529 1375 1825 1457 principes
1848 1396 2005 1436 suos.
2048 1376 2298 1437 Romani
2320 1378 2505 1439 duces
2524 1379 2823 1443 imitentur

357 1452 656 1521 Camillos,
683 1453 998 1521 Fabricios,
1083 1452 1308 1529 egulos,
1331 1452 1672 1531 Scipionem
1700 1454 2029 1535 philosophi
2049 1468 2380 1534 proponant
2402 1458 2509 1516 sibi
2530 1460 2725 1539 Pytha
2766 1482 2821 1521 o-

355 1548 499 1599 ram,
531 1531 860 1597 Socratem,
889 1531 1218 1599 Platonem,
1250 1530 1631 1591 Aristotelem
1652 1553 1673 1591 ι
1712 1537 1906 1613 poete
1932 1534 2281 1593 aemulentur
2308 1536 2660 1612 Homerum,
2690 1484 2822 1599 ffir-

353 1608 580 1687 gilium,
607 1610 1026 1679 Menandrum,
1059 1608 1423 1669 Terentium.

983 1704 1253 1763 PAunus
1298 1705 1617 1777 Onosms,
1642 1706 1745 1766 lib.
1774 1707 1881 1765 1v.
1910 1726 2043 1785 cap.
2072 1707 2196 1767 xix.

436 1780 660 1860 Scipio,
675 1785 798 1860 iam
819 1794 1215 1859 agnomento
1235 1784 1573 1856 Africanus,
1596 1785 1771 1843 trium
1816 1785 1961 1845 hans
1982 1788 2189 1847 urbem
2204 1786 2500 1867 ingressus
2512 1800 2625 1860 est.
2644 1810 2819 1869 quem

357 1861 690 1931 Terentius,
743 1860 844 1941 qui
897 1872 1106 1939 postea
1159 1862 1456 1935 Comicus,
1509 1882 1589 1923 ex
1644 1866 1783 1924 nobi
1806 1864 1939 1925 ibus
1981 1865 2532 1945 Carthaginensium
2578 1870 2822 1948 captivis

355 1940 626 2019 pileatus,
653 1940 816 2017 quod
843 1938 1086 2000 indulte
1111 1940 1222 2002 sibi
1243 1942 1530 2003 libertatis
1552 1942 1779 2023 insigne
1797 1942 1932 2017 fuit,
1948 1944 2407 2025 triumphantem
2428 1960 2565 2027 post
2585 1966 2821 2007 currum

355 2030 598 2081 secutus
621 2029 734 2075 est.

435 2114 658 2183 Livius,
686 2110 783 2172 lib.
813 2114 1010 2173 XXX.
1031 2139 1142 2177 non
1165 2118 1450 2177 Comicum
1471 2118 1621 2177 bunc
1640 2118 1907 2197 intelligi,
1926 2120 2028 2178 sed
2043 2122 2126 2179 ad
2147 2120 2474 2179 Terentium
2500 2120 2822 2181 Culleonem

355 2203 670 2255 senatorem
695 2192 865 2251 Rom.
890 2196 1088 2270 refert,
1117 2195 1219 2271 qui
1237 2194 1392 2271 pileo
1416 2195 1595 2268 capiti
1620 2196 1900 2268 imposito,
1926 2204 2147 2253 secutus
2174 2204 2257 2252 est
2288 2196 2601 2268 Scipionem
2624 2200 2826 2256 trium-

351 2272 616 2349 phantem
637 2292 661 2327 .·
702 2268 854 2329 cert?
891 2272 962 2329 de
999 2270 1280 2327 alterutro
1328 2266 1680 2335 Quintiliani
1714 2270 1883 2327 etiam
1911 2266 2063 2326 locus
2088 2289 2157 2327 ex
2184 2266 2445 2326 Declam.
2475 2270 2586 2325 lx.
2610 2274 2830 2335 intelli·

349 2348 571 2429 gendus
595 2357 698 2407 est.
777 2344 1274 2423 Lindenbrogius.

981 2442 1300 2501 Summus
1331 2441 1757 2497 Amanum.
1838 2440 2035 2499 Carm.
2066 2436 2201 2496 XX.

1130 2520 1254 2595 Quid
1275 2534 1362 2566 voa
1377 2518 1542 2593 eloquii
1564 2532 1721 2565 canam
1746 2516 1910 2575 Latini,

1127 2580 1965 2707 sst‘pt'emd'offiig'gssffiffifffffsna,

1128 2711 1198 2759 Et
1219 2720 1265 2759 te
1285 2724 1488 2773 tempore
1507 2711 1584 2773 qui
1606 2718 1731 2757 satus
1752 2724 1925 2767 severo,

1131 2774 1311 2831 Graios,
1336 2774 1526 2823 Plauoe!
1564 2774 1680 2822 sales
1698 2776 1852 2839 lepore
1872 2774 2073 2823 tran-s?

939 2858 1243 2915 Rurmus
1273 2856 1787 2915 Grannum-rcus
1820 2854 2256 2917 Antiochensis·

1006 2936 1216 2997 Agnovit
1237 2942 1446 2989 metrum.
1467 2944 1705 2999 servatque
1724 2936 1969 2983 Terentius
1992 2942 2165 2993 artem3

1005 2998 1128 3047 Nam
1151 3001 1364 3064 prologos
1385 3001 1587 3049 trimetro
1610 3000 1761 3049 didicit
1781 3014 2053 3063 componere
2074 3016 2219 3055 versu,

1003 3062 1337 3127 Scenarumque
1357 3073 1484 3112 actus
1505 3066 1675 3127 primos
1696 3065 1809 3127 pede
1826 3064 1992 3111 claudit
2012 3065 2189 3113 eodem.

805 3144 1092 3205 Snnvms
1123 3145 1178 3204 in
1208 3145 1373 3217 illud,
1400 3144 1502 3204 lib.
1529 3145 1581 3203 1.
1608 3145 1866 3216 AEneid.,
1893 3146 2108 3205 talibus
2132 3145 2380 3203 incusat.

447 3222 760 3286 Sciendum
789 3237 898 3295 est,
929 3224 1293 3293 Terentium,
1322 3235 1565 3301 propter
1592 3224 1773 3283 solam
1802 3224 2243 3300 proprietatem,
2274 3221 2541 3282 omnibus
2570 3226 2826 3288 comicis

363 3324 492 3365 esse
519 3303 932 3382 praepositum
974 3301 1185 3380 quibus
1213 3312 1318 3371 est,
1349 3312 1635 3378 quantum
1663 3300 1738 3359 ad
1765 3312 1981 3359 caetera
2005 3312 2259 3379 spectat,
2289 3302 2549 3362 inferior.

1130 3396 1240 3455 1³1..
1271 3396 1647 3454 SosrrA'rna
1676 3396 2072 3454 CnAarsms.

429 3476 590 3551 Ἤθη,
621 3486 686 3534 ut
711 3477 796 3534 ait
823 3474 1012 3533 Varro
1040 3474 1114 3532 de
1144 3473 1358 3532 Latino
1393 3490 1683 3542 sermone,
1722 3473 1827 3533 lib.
1854 3492 1930 3544 v.,
1973 3473 2116 3531 nulli
2156 3473 2253 3534 alii
2294 3494 2527 3536 servare
2552 3478 2828 3537 convenit

365 3555 539 3634 quam
569 3554 830 3612 Titinnio
857 3564 918 3611 et
946 3552 1246 3613 Terentio.
1327 3558 1380 3611 Π
1389 3548 1490 3626 άθη
1519 3552 1658 3610 vero
1686 3552 1937 3625 Trabea,
1976 3552 2183 3631 inquit,
2226 3566 2289 3613 et
2316 3553 2565 3615 Attilius
2604 3568 2670 3615 et
2698 3558 2825 3617 Cae·

365 3634 532 3692 cilius
559 3632 732 3691 facile
759 3644 1079 3690 moverant.

1040 3727 1294 3785 Ismoa.
1321 3727 1552 3807 Origin.
1578 3728 1681 3787 lib.
1708 3728 1761 3787 1.
1790 3746 1921 3807 cap.
1950 3728 2163 3789 xxxix.

444 3808 694 3867 Fabulae
721 3807 916 3885 poete
940 3806 1219 3883 quasdam
1250 3805 1584 3865 delectandi
1614 3808 1792 3867 causa
1817 3806 2137 3877 finxerunt,
2165 3805 2447 3886 quasdam
2476 3805 2551 3864 ad
2594 3817 2828 3865 naturas

363 3906 578 3956 rerum,
607 3884 914 3946 nonnullas
941 3883 1018 3942 ad
1059 3902 1250 3943 mores
1285 3884 1587 3943 hominum
1626 3886 1996 3963 interpretati
2032 3898 2189 3945 sunt.
2268 3884 2625 3945 Delectandi
2656 3886 2831 3945 causa

359 3966 550 4035 fictas,
575 3976 642 4023 ut
659 3982 758 4024 eas
778 3982 924 4041 quas
946 3962 1121 4039 vulgo
1142 3962 1367 4033 dicunt,
1385 3964 1476 4023 vel
1501 3984 1646 4043 quas
1665 3964 1911 4023 Plautus
1934 3974 1994 4022 et
2016 3962 2332 4023 Terentius
2354 3972 2827 4039 composuerunt-

441 4060 518 4119 In
543 4060 780 4138 antiquo
811 4059 952 4118 cod.
983 4058 1174 4117 MSS.
1200 4058 1261 4118 in
1290 4058 1647 4121 Bibliotheca
1678 4060 1856 4139 Regis
1884 4058 2042 4117 Gall.
2070 4057 2371 4137 multisque
2396 4054 2531 4115 aliis
2562 4059 2641 4117 Μ
2645 4060 2754 4119 SS.

939 4136 1092 4184 Natus
1113 4136 1160 4183 in
1183 4138 1372 4184 excelsis
1393 4140 1524 4185 tectis
1548 4136 1837 4199 Carthaginis
1858 4136 1963 4183 alta

1003 4200 1227 4249 Romanis
1248 4202 1432 4251 ducibus
1452 4202 1613 4249 bellica
1630 4203 1784 4263 prinda
1802 4201 1883 4249 sul.

939 4264 1175 4329 Descripsi
1197 4282 1346 4313 mores
1365 4268 1614 4321 hominum,
1628 4268 1955 4329 juvenumque,
1978 4278 2240 4326 senumque,

1005 4330 1211 4383 Qualiter
1231 4342 1277 4377 et
1299 4332 1416 4377 servi
1438 4330 1662 4391 decipiant
1682 4330 1915 4377 dominos:

941 4393 1066 4448 Quid
1087 4394 1313 4447 meretrix..
1337 4394 1441 4455 quid
1463 4394 1567 4440 leno
1588 4392 1704 4438 dolis
1723 4392 1953 4454 confingat
1974 4404 2149 4447 avarus,

1005 4458 1126 4505 Haec
1147 4458 1402 4519 quicunque
1422 4457 1548 4519 legit.
1570 4456 1648 4511 aie,
1672 4464 1799 4518 puto,
1821 4464 1981 4503 cautus
2000 4458 2099 4505 erit.

1784 4520 2081 4569 Eum-mus
2101 4521 2158 4570 de
2178 4520 2427 4586 Tragoedid
2446 4529 2493 4569 et
2514 4518 2771 4569 Comoediai.

443 4606 596 4665 Tum
617 4622 996 4684 personarum
1023 4600 1188 4679 leges
1213 4600 1373 4659 circa
1411 4600 1697 4672 habitum,
1738 4611 1993 4675 aetatem,
2034 4602 2313 4677 officium,
2354 4613 2555 4681 partes
2594 4600 2827 4682 agendi,
