3067 4959
402 311 536 378 xliv
1246 308 1979 384 PROLEGOMENA

400 482 493 532 est
516 489 769 550 equum.
849 472 1045 537 Quem
1078 468 1283 537 ‚locum
1322 481 1636 550 antequam
1677 470 1736 529 in
1778 489 1880 530 eos
1919 489 2120 532 versus
2159 471 2390 551 redigo,
2475 473 2646 535 uibus
2673 493 2802 536 esse
2831 475 2870 532 a

401 549 681 611 Terentio
709 547 992 625 scriptum
1014 549 1087 608 sit
1116 547 1445 618 verisimile,
1474 550 1694 607 notabo
1723 561 1942 626 quanta
1967 549 2042 608 sit
2061 549 2120 608 in
2143 551 2460 630 exemplari
2509 574 2575 612 us
2593 553 2866 624 varietas,

399 640 581 706 atque
610 627 985 686 incertitudo.
1070 626 1139 684 ln
1169 645 1341 685 versu
1366 626 1558 704 primo
1587 628 1901 704 utrobique
1941 627 2168 687 hoccine
2193 629 2251 686 in
2281 630 2405 688 aliis
2433 632 2867 711 exemplaribus

396 705 651 784 reperio,
680 705 910 783 reperio
940 715 1000 762 et
999 707 1181 782 sactu
1208 717 1269 763 et
1296 706 1541 782 inceptu,
1585 706 1743 782 quod
1773 705 1808 761 a
1837 706 2076 764 Donato
2117 727 2354 788 quoque
2381 707 2658 769 videmus'
2683 729 2865 768 anno-

395 795 605 843 tatum.
690 783 757 842 ln
784 783 1045 841 secundo
1074 794 1367 842 vetustum
1397 783 1699 860 exemplar
1725 802 1842 840 non
1871 783 2257 864 habetfidem,
2289 788 2585 864 quomodo
2627 789 2863 848 interim

394 862 631 922 locutus
673 873 763 921 est
790 867 1001 940 poeta:
1042 861 1099 918 in
1131 861 1265 932 alio,
1294 871 1463 940 atque
1500 861 1784 920 hominum
1827 881 1944 919 non
1985 863 2237 940 reperio,
2277 877 2456 943 atque
2499 867 2586 924 ita
2623 886 2865 945 quoque

394 941 507 1000 scri
552 941 695 998 sisse
743 939 1060 1018 aliquando
1102 939 1447 998 Terentium
1496 939 1926 998 animadverto:
1973 941 2030 998 in
2073 943 2249 1000 tertio
2289 945 2449 1012 dare,
2479 943 2536 1001 in
2569 945 2862 1024 aliquibus

392 1018 699 1077 codicibus
740 1037 856 1076 non
898 1017 1146 1095 legitur:
1190 1037 1385 1097 neque
1412 1035 1651 1075 carmen
1680 1018 1957 1096 postulat,
1986 1031 2050 1079 et
2077 1019 2258 1080 iratus
2285 1023 2650 1098 supprimere
2677 1025 2862 1082 multa

392 1097 579 1165 solet;
619 1115 751 1174 quae
792 1097 929 1155 cum
971 1097 1305 1156 adscribere
1350 1094 1576 1154 soleant
1619 1096 1986 1174 interpreteS,
2029 1097 2087 1154 in
2117 1119 2343 1160 versum
2373 1099 2438 1158 fit
2466 1120 2622 1180 saepe
2653 1114 2718 1162 ut
2754 1101 2859 1160 gd.

390 1175 715 1235 mittantur.
801 1179 895 1244 Se,
926 1187 1209 1253 praeterea
1236 1173 1407 1232 video
1446 1173 1831 1250 geminatum,
1859 1185 1919 1234 et
1949 1195 2056 1253 pro
2097 1177 2428 1258 denegarat,
2471 1181 2858 1258 denegaverat

390 1253 673 1331 scriptum
706 1253 951 1329 reperio.
1006 1255 1141 1312 Jam
1172 1252 1231 1310 in
1258 1265 1469 1312 octavo
1498 1271 1604 1329 pro
1621 1253 1782 1336 quia,
1812 1255 2092 1331 quoniam.
2153 1257 2269 1315 Ubi
2293 1267 2496 1333 postea
2522 1258 2856 1326 Chremetis,

394 1332 651 1391 Chremis
672 1355 693 1389 .-
738 1330 858 1398 ubi,
888 1332 1028 1399 itur,
1056 1332 1216 1390 itum.
1300 1330 1533 1409 Accipe
1563 1350 1722 1388 nunc
1750 1343 1816 1390 ut
1843 1351 2044 1391 versus
2075 1333 2181 1392 hos
2207 1334 2460 1411 putarim
2501 1347 2563 1394 et
2601 1336 2856 1416 scriptos

388 1408 572 1470 fuisse
598 1422 661 1469 et
688 1429 817 1468 esse
844 1409 1321 1487 distinguendost

644 1515 704 1560 Ρ.
736 1512 947 1560 Hoccine
964 1513 1133 1560 factum
1156 1520 1228 1560 est
1246 1513 1491 1558 humanum
1514 1519 1593 1558 aut
1613 1512 1814 1574 ineptum
1829 1512 1854 1558 ἰ’
1886 1513 2074 1561 hoccine
2093 1513 2290 1562 officium
2313 1515 2486 1578 patris?

640 1579 745 1639 My.
785 1576 909 1631 Quid
929 1577 1037 1624 illud
1058 1585 1130 1624 est
1144 1577 1168 1622 ἲ

642 1643 702 1690 Ρ.
736 1640 829 1688 Pro*
848 1641 981 1688 dessm
1004 1649 1137 1702 atque
1158 1638 1389 1686 hominum
1412 1638 1563 1694 fidem,
1585 1639 1691 1700 quid
1711 1647 1793 1695 est,
1820 1641 1856 1686 si
1879 1643 1966 1688 hoc
1989 1657 2080 1690 non
2103 1650 2173 1690 est
2192 1645 2461 1693 contumelia
2475 1645 2500 1690 ⁶?

644 1705 849 1754 Uxorem
873 1703 1074 1752 deci-&rat
1094 1705 1201 1752 dare
1222 1719 1321 1750 sese
1342 1701 1407 1750 mi
1430 1703 1592 1750 hodie:
1632 1719 1786 1750 nonne
1805 1707 2005 1766 oportuit

646 1767 893 1818 Praescisse
914 1785 989 1816 me
1008 1769 1114 1816 ante
1130 1767 1153 1814 ἲ
1184 1783 1337 1815 nonne
1358 1764 1484 1830 pribs
1506 1768 1888 1815 communicatum
1913 1771 2145 1832 oportuit?
2327 1809 2338 1818 .

644 1835 750 1896 My.
786 1833 1006 1880 Miseram
1026 1848 1119 1888 me,
1140 1833 1261 1894 quod
1284 1833 1469 1878 verbum
1492 1831 1660 1880 audio?
1729 1835 1788 1880 P.
1821 1833 1946 1886 Quid
1971 1833 2204 1891 Chremes,
2227 1835 2304 1897 qui
2327 1837 2628 1901 denegaverat

638 1898 701 1946 Se
722 1899 1069 1946 commissurum
1089 1897 1199 1943 mihi
1220 1904 1407 1958 gnatam
1428 1907 1557 1944 susm
1581 1911 1788 1954 uxorem,
1809 1900 2004 1946 mutavit
2023 1899 2084 1954 id,

638 1963 867 2018 Quoniam
890 1978 965 2010 me
984 1963 1269 2009 irnmutstum
1293 1961 1442 2008 videt:
1480 1961 1602 2008 itane
1623 1957 1848 2009 obst-inne
1869 1962 1946 2010 dat
1969 1979 2162 2026 operam,
2187 1975 2240 2012 ut

634 2027 722 2076 Me
742 2025 771 2075 a
792 2027 1007 2088 Glycerio
1034 2027 1250 2073 miserum
1272 2026 1525 2072 abstrahat:
1565 2025 1686 2087 quod
1708 2027 1746 2072 si
1769 2025 1832 2080 fit,
1855 2042 1990 2089 pereo
2011 2027 2228 2076 funditus.

634 2089 814 2142 Adeon’
838 2091 1065 2138 bominem
1088 2091 1377 2138 invenustum
1400 2103 1513 2144 esse,
1538 2100 1616 2136 aut
1637 2089 1862 2137 infelicem
1885 2107 2154 2154 quenquam,
2179 2099 2229 2140 ut
2247 2108 2338 2156 ego
2360 2093 2497 2141 sum?

634 2155 729 2204 Ρτὸ
750 2157 883 2202 deum
906 2162 1040 2216 atque
1060 2155 1293 2202 hominum
1314 2153 1463 2208 fldem,
1485 2152 1611 2201 nullo
1629 2169 1722 2216 ego
1742 2163 1876 2217 pacto
1899 2155 2111 2204 Chremis

634 2220 927 2267 „adfinitatem
948 2218 1149 2282 effugere
1172 2217 1362 2280 potero?
1393 2224 1504 2278 quot
1524 2218 1672 2266 modis

636 2282 950 2346 Contemptus,
974 2291 1163 2345 spretus,
1184 2281 1316 2336 sacta,
1338 2289 1564 2328 transacta
1586 2283 1748 2337 omnia,
1771 2283 1890 2336 bem,

632 2347 913 2410 Repudiatus
936 2355 1140 2410 repetor:
1178 2347 1467 2408 quamobrem
1482 2345 1506 2391 't‘
1541 2346 1640 2401 nisi,
1664 2347 1700 2394 si
1721 2347 1765 2392 id
1788 2355 1858 2392 est

634 2412 774 2467 Quod
795 2413 1008 2474 suspicor,
1032 2412 1221 2458 monstri
1242 2411 1407 2472 aliquid
1430 2409 1586 2457 alunt:
1625 2427 1678 2458 ea
1729 2410 1907 2458 uoniam

632 2476 825 2524 Obtrudi
842 2476 1009 2523 nemini
1030 2483 1193 2538 potest,
1216 2475 1274 2521 ad
1296 2491 1370 2521 me
1390 2475 1496 2521 itur.
1561 2476 1635 2522 M.
1725 2490 1793 2522 aec

632 2539 791 2590 Oratio
812 2557 887 2588 me
910 2541 1119 2588 miseram
1142 2539 1415 2586 exanimavit
1436 2548 1578 2586 metu.
1787 2605 1800 2612 -

454 2629 677 2689 Omnes
704 2627 935 2688 iambici
973 2639 1128 2696 sunt,
1158 2625 1444 2686 octonarii
1486 2627 1720 2704 partim,
1749 2625 1964 2704 partim
2003 2626 2235 2697 senarii,
2277 2637 2644 2686 monometer
2671 2647 2854 2702 unus,

364 2700 489 2768 ‘no'n
518 2709 567 2767 is
636 2706 827 2767 uidem
897 2727 1029 2766 uem
1056 2725 1185 2765 esse
1214 2705 1493 2764 Erasmus
1577 2706 1800 2774 utabat,
1831 2725 1964 2764 eum
1993 2705 2173 2764 eflicit
2214 2705 2441 2782 Mysisz
2483 2725 2616 2786 quae
2642 2707 2788 2766 dum
2817 2712 2854 2766 a

374 2788 619 2864 Pamphi
644 2805 681 2844 o
708 2804 861 2844 exau
906 2785 974 2842 iri
1002 2803 1117 2842 non
1146 2784 1291 2854 vult,
1334 2725 1831 2863 paucaioquitur.
1913 2785 2354 2843 Monometrum
2393 2784 2454 2843 in
2483 2803 2548 2844 re
2585 2785 2760 2844 simili
2787 2788 2852 2845 in

373 2865 725 2924 Phormione
754 2863 1202 2932 observavimus,
1235 2860 1333 2921 ubi
1362 2861 1525 2921 taciti
1557 2861 1825 2940 Antipho
1851 2872 1912 2920 et
1941 2861 2211 2921 Phaedria
2229 2863 2446 2922 Getam
2467 2863 2742 2922 audiunt:
2773 2883 2849 2924 ac

361 2942 509 3002 cum
538 2941 574 3000 a
597 2941 755 3000 Geta
782 2941 1047 3020 Antipho
1072 2940 1491 3011 nominaretur,
1522 2940 1623 3000 ubi
1651 2952 1778 3000 tum
1807 2939 2080 3000 Phaedria
2099 2960 2118 2998 t

496 3047 559 3094 -Ρ.
596 3043 668 3092 Te
690 3045 904 3092 nominat.
968 3045 1031 3091 A.
1067 3043 1239 3094 Nescio
1259 3047 1381 3109 quod
1400 3057 1619 3108 magnum
1641 3045 1730 3092 hoc
1751 3044 1918 3091 nuncio
1939 3051 2153 3106 exspecto
2175 3043 2359 3096 malian.

498 3113 560 3159 Ρ.
594 3111 701 3161 Ah!
740 3108 879 3158 Sanu’
902 3109 1069 3158 sees?

502 3177 561 3224 G.
600 3175 807 3224 Domum
824 3175 891 3223 ire
909 3189 1109 3238 pergam,
1130 3174 1457 3237 ubiplurimum
1479 3183 1567 3221 est.
1607 3175 1667 3221 Ρ.
1689 3173 1980 3221 Revocemus
1995 3173 2239 3222 bominem.
2270 3173 2333 3219 A.
2361 3171 2442 3219 Sta
2457 3171 2574 3219 ilico.
2609 3171 2669 3220 G.
2699 3171 2843 3220 Hem.

446 3259 585 3324 Quo
612 3257 787 3316 etiam
812 3254 948 3314 loco
976 3274 1081 3312 nos
1120 3253 1289 3311 valde
1329 3255 1403 3310 ab
1432 3253 1684 3310 Erasmo
1711 3252 2118 3310 dissentimus:
2170 3251 2270 3331 qui
2313 3251 2449 3310 cum
2495 3251 2594 3310 ubi
2636 3271 2841 3312 mono·-

358 3347 615 3394 metrum
636 3335 861 3393 faceret
882 3351 997 3389 non
1018 3330 1324 3398 inveniret,
1343 3340 1404 3386 et
1422 3330 1789 3386 octonarium
1813 3329 1958 3386 fecit
1978 3329 2412 3400 catalecticum,
2433 3330 2555 3408 qui,
2579 3343 2643 3388 ut
2661 3349 2842 3409 supe-

360 3413 549 3470 riores
571 3431 792 3480 omnes,
812 3427 938 3467 esse
956 3409 1209 3465 debebat
1228 3406 1668 3474 acatalecticus,
1688 3417 1750 3464 et
1772 3419 2195 3464 monometrum
2215 3408 2838 3488 hypercatalecticum,

355 3490 467 3568 -qui
495 3491 543 3546 si
571 3500 699 3547 erat
726 3497 1087 3545 monometer
1112 3484 1441 3554 faciundas,
1485 3483 1906 3544 acatalecticus
1947 3484 2107 3543 certe
2149 3485 2458 3546 faciundas
2505 3500 2648 3546 erat.
2735 3488 2840 3546 Ad

361 3567 561 3626 >locum
590 3565 951 3644 superiorem
981 3574 1049 3621 ut
1074 3563 1401 3633 redeamus,
1431 3563 1489 3620 in
1520 3581 1639 3642 quo
1665 3582 1775 3641 pro
1800 3563 1994 3633 hocne,
2035 3583 2144 3622 nos
2181 3564 2409 3625 hoccine
2429 3590 2447 3623 .·
2531 3566 2648 3624 uod
2699 3566 2838 3624 ideo

362 3646 645 3705 Erasmus
673 3641 1016 3712 immutavit,
1042 3653 1107 3700 ut
1126 3643 1447 3702 trochaeum
1476 3655 1678 3720 posset
1699 3642 1947 3701 evitare:
1975 3642 2178 3702 verum
2202 3645 2338 3702 cum
2365 3587 2728 3720 legiaoccine
2745 3663 2838 3704 se·

354 3725 562 3784 cundo
606 3724 740 3782 loco
777 3721 854 3782 sit
896 3740 1156 3793 necesse,
1191 3721 1384 3813 priore
1420 3721 1720 3801 scripsisse
1757 3721 1926 3781 aliter
1962 3721 2304 3782 Terentium
2387 3723 2682 3782 ersuaderi
2720 3741 2837 3780 non

362 3813 577 3881 potest,
608 3821 787 3882 quare
814 3820 987 3859 nemo
1014 3821 1128 3858 non
1158 3801 1320 3859 videt
1346 3801 1525 3862 fuisse
1553 3801 1864 3860 verborum
1893 3801 2099 3860 seriem
2141 3814 2346 3880 pertur
2385 3813 2557 3860 atam.
2639 3799 2836 3862 Det‘im

352 3891 454 3940 ‘est
498 3881 690 3940 utrobi
737 3899 810 3939 ue
858 3879 1319 3958 monosyllabum
1344 3903 1359 3939 z
1407 3881 1515 3940 nisi
1564 3881 1890 3960 posteriore
1929 3881 2046 3938 dici
2087 3879 2316 3939 interim
2359 3879 2669 3958 producte,
2713 3891 2778 3939 et
2799 3879 2837 3937 a

350 3959 757 4038 :grammaticis
802 3958 977 4018 video
1025 3971 1312 4028 notatum,
1353 3971 1415 4018 et
1456 3978 1563 4019 nos
1599 3960 1658 4017 in
1687 3960 1804 4018 hoc
1830 3961 2002 4036 poeta
2031 3978 2146 4017 non
2172 3959 2354 4017 semel
2382 3959 2830 4018 observavimus.

362 4041 568 4116 Atque
598 4049 663 4096 ut
690 4038 763 4096 ab
792 4039 863 4096 ea
888 4040 1068 4096 scena
1094 4057 1209 4096 non
1241 4037 1563 4107 discedam,
1591 4037 1858 4116 sequitur
1887 4038 2062 4116 paulo
2089 4037 2239 4116 post,

621 4114 758 4171 Qudd
781 4117 817 4162 si
840 4131 929 4179 ego
947 4119 1185 4167 rescissem
1210 4117 1254 4164 id
1275 4118 1413 4179 prius,
1437 4117 1546 4178 quid
1567 4117 1762 4165 facerem
1787 4117 1825 4164 si
1847 4118 1946 4179 quis
1967 4131 2089 4163 nunc
2109 4131 2184 4162 me
2205 4123 2351 4178 roget.

438 4213 511 4272 In
540 4233 613 4272 eo
633 4233 823 4284 versu,
890 4233 1021 4274 uem
1043 4215 1355 4274 iambicum
1380 4232 1508 4274 esse
1528 4214 1676 4282 vult,
1706 4223 1770 4272 ut
1785 4230 1990 4271 revera
2009 4229 2137 4270 esse
2157 4210 2354 4281 debet,
2365 4211 2530 4304 prins
2549 4213 2835 4294 syllabam

362 4311 490 4353 esse
512 4311 684 4352 unam
708 4293 833 4351 vult
912 4313 1155 4363 rasmus,
1184 4291 1317 4352 cum
1348 4292 1397 4350 si
1425 4291 1485 4349 id
1512 4291 1636 4362 fiat,
1665 4291 1950 4350 iambicus
1971 4307 2099 4349 esse
2122 4302 2454 4352 octonarius
2483 4312 2600 4350 non
2629 4293 2834 4370 possit.

363 4373 490 4437 Nos
516 4371 831 4452 legendum
858 4382 1152 4450 putamus,
1188 4368 1359 4438 Quod
1380 4370 1434 4428 si
1455 4390 1559 4449 ego
1581 4365 1746 4447 priris
1772 4368 1838 4428 id
1860 4365 2167 4439 rescissem,
2195 4368 2293 4444 &a
2365 4370 2666 4449 Sequitur,

616 4484 805 4548 Aliquid
822 4483 1030 4538 facerem,
1052 4491 1106 4530 ut
1124 4483 1212 4529 hoe
1234 4497 1295 4528 ne
1312 4481 1526 4530 facerem.
1593 4479 1685 4528 Sed
1707 4495 1828 4528 nunc
1847 4481 1956 4542 quid
1975 4478 2170 4543 primbm
2191 4497 2386 4546 exequar
2398 4482 2423 4527 ⁶?

616 4551 713 4600 Tot
732 4566 807 4599 me
824 4549 1073 4614 impediunt
1094 4562 1227 4600 curae,
1250 4561 1355 4608 quae
1374 4561 1527 4593 meum
1548 4545 1748 4593 animum
1769 4541 1948 4599 diverse
1969 4545 2170 4598 trahunt.

614 4615 785 4679 Amor,
804 4613 1103 4664 misericordia
1122 4612 1269 4674 hujus,
1293 4611 1550 4674 nuptiarum
1572 4609 1840 4658 sollicitudo.

440 4702 573 4766 Hos
612 4711 752 4771 cum
797 4713 977 4776 faciat
1020 4711 1301 4772 Erasmus
1344 4708 1698 4784 trochaicus,
1743 4729 2014 4789 rogarem
2057 4728 2192 4770 eum
2233 4706 2504 4778 libenter,
2545 4723 2620 4764 8¹¹
2649 4728 2834 4780 amor,
