3067 4959
286 327 405 392 lxx
1142 325 1870 393 PROLEGOMENA

694 485 843 550 Cupio
862 487 1035 549 aliquos
1114 501 1211 534 rare
1230 487 1400 534 amicos
1418 485 1636 535 beneflcio
1655 501 1774 534 meo.

384 549 539 610 Ct'im
567 559 763 610 tamen
806 568 1037 610 commo
1082 548 1168 607 ius
1216 549 1503 608 eximeret
1529 568 1736 609 vocem
1778 559 2144 627 sequentem,
2191 551 2317 611 sine
2346 553 2466 612 ullo
2493 551 2776 616 carminis

310 628 681 696 detrimento,
710 629 887 688 etiam
926 627 1216 688 sententia
1244 627 1603 686 rotundiore.
1687 627 1806 686 Sed
1831 641 1931 685 aut
1959 627 2034 684 sit
2061 631 2622 707 proceleusmaticus
2652 632 2769 710 pri-

308 726 440 765 mus
468 726 591 785 pes,
620 719 682 766 et
708 709 855 766 alter
882 707 1311 786 amphimacrus
1334 730 1352 774 ς
1390 718 1493 764 aut
1518 724 1838 783 pronomen
1859 707 2265 784 possessivum,
2290 711 2451 787 quod
2473 723 2773 788 postremo

312 784 371 842 in
400 784 535 876 loco
562 785 1035 876 esu-demittatur
1062 785 1122 846 in
1148 803 1381 843 versum
1408 784 1657 844 alterum
1675 784 2152 861 subsequentem,
2175 785 2278 865 qui
2303 788 2678 848 nihilominus
2695 788 2775 848 sit

310 881 609 922 senarius:
650 883 756 931 sic,

698 941 842 990 Meo:
880 942 926 990 id
948 940 1104 990 amabo
1122 943 1273 1005 adjuta
1292 955 1379 995 me,
1402 937 1494 1002 qud
1510 940 1557 986 id
1575 939 1655 986 fiat
1675 937 1861 988 facilius.

394 1005 549 1064 Nam
574 1005 825 1085 ficilirls
864 1005 1069 1063 eodem
1101 1005 1277 1062 modo
1316 1004 1682 1080 trisyllabum
1723 1014 1832 1074 est,
1871 1023 1992 1083 quo
2013 1004 2203 1084 potiar
2227 1005 2599 1084 bisyllabum.
2641 1007 2765 1066 Eli-

316 1095 420 1162 gat
445 1094 642 1143 autem
668 1084 875 1154 lector,
904 1083 1063 1160 quod
1084 1083 1265 1160 magis
1286 1083 1397 1140 erit
1418 1101 1495 1140 ex
1521 1081 1698 1140 animi
1719 1082 2011 1140 sententia
2029 1105 2048 1143 ε
2089 1084 2561 1164 quandoquidem
2589 1085 2764 1144 etiam

317 1161 476 1241 apud
504 1161 867 1232 Lucretium,
895 1161 1057 1220 aliud
1082 1161 1162 1218 ita
1188 1159 1535 1236 bisyllabum
1577 1159 1885 1236 accipitur,
1913 1172 1982 1220 ut
2007 1163 2199 1222 cauda
2222 1163 2444 1240 dactyli
2469 1163 2564 1222 sit.
2647 1163 2768 1221 Ini-

318 1240 491 1320 quior
516 1239 631 1298 fuit
655 1239 739 1297 illi
763 1238 957 1298 versui
992 1256 1070 1296 ex
1100 1239 1363 1314 Hecyra,
1402 1255 1479 1295 ex
1508 1256 1646 1315 quo,
1674 1237 1825 1308 dum,
1853 1239 2203 1317 particulam
2245 1241 2600 1318 expletivam
2627 1261 2772 1302 exe·

317 1319 425 1377 mit
452 1341 469 1377 =
513 1318 613 1397 qui
640 1329 834 1376 tamen
862 1336 996 1376 cum
1022 1314 1423 1394 sequentibus,
1452 1334 1707 1392 cumque
1732 1318 2205 1393 praecedentibus
2232 1319 2566 1379 octonarius
2593 1320 2668 1379 sit
2685 1341 2706 1380 ι

702 1396 969 1444 Manedum
992 1397 1135 1449 sodes,
1156 1395 1308 1448 timeo,
1330 1408 1391 1440 ne
1410 1393 1529 1439 aliud
1549 1393 1742 1450 credam,
1765 1403 1898 1457 atque
1916 1397 2036 1443 aliud
2055 1398 2254 1446 nuncies.

400 1461 542 1520 Hoc
568 1459 649 1518 ibi
677 1459 811 1519 cum
838 1457 1062 1530 adimit,
1090 1458 1175 1516 ita
1198 1455 1339 1516 alibi
1362 1457 1529 1534 aeque
1555 1455 1888 1536 importune
1911 1461 2078 1520 addit
2119 1461 2196 1522 de
2240 1479 2349 1521 suo
2367 1481 2386 1520 ι
2425 1473 2495 1520 ut
2520 1463 2598 1520 ad
2635 1481 2776 1523 eum

322 1552 553 1599 versum
572 1557 650 1596 ex
682 1537 970 1596 Eunucho
990 1558 1008 1595 z
1318 1565 1325 1574 ·

706 1616 797 1663 Par
816 1617 909 1678 pari
931 1615 1107 1670 referto,
1130 1617 1251 1677 quod
1269 1631 1367 1664 eam
1389 1613 1607 1662 mordeat.

402 1679 594 1739 Modo
644 1679 810 1738 addit
855 1699 1023 1748 nunc,
1065 1679 1240 1736 modo
1264 1700 1411 1748 mox,
1438 1678 1618 1736 modo
1657 1678 1758 1749 εἰσ,
1800 1679 1976 1738 modo
2001 1680 2201 1740 nescio
2229 1679 2389 1760 quid.
2469 1681 2604 1760 Ego
2629 1680 2772 1741 vero

322 1755 469 1814 nihil
516 1757 937 1816 immutandum
982 1776 1197 1816 censeo
1240 1757 1315 1816 de
1362 1755 1608 1816 consilio
1635 1761 1864 1836 poetae:
1909 1758 2008 1836 qui
2053 1759 2346 1838 integrum
2383 1760 2774 1837 proverbium,

318 1835 474 1894 sicut
496 1835 1039 1906 circumferebatur,
1058 1835 1139 1894 ita
1158 1835 1493 1894 interseruit
1514 1835 1816 1895 trochaico
1834 1847 2055 1895 tractu:
2085 1857 2266 1916 quare
2281 1836 2556 1898 audacius
2571 1839 2772 1910 etiam,

316 1907 637 1975 remo'rdeat
659 1914 1021 1994 suppositum
1051 1923 1161 1972 est.
1240 1913 1393 1972 Nam
1411 1913 1459 1970 si
1486 1913 1630 1992 quid
1657 1914 1857 1986 addaS,
1885 1931 2084 1973 versus
2113 1935 2228 1974 non
2258 1928 2488 1976 constet
2509 1937 2525 1973 z
2550 1915 2596 1973 si
2623 1916 2772 1974 nihil

318 1991 521 2064 addas,
550 1993 627 2054 ad
654 1991 1121 2052 concinnandum
1149 1991 1511 2050 trochaicum
1539 1991 1680 2049 nihil
1711 2003 1800 2050 est
1826 2011 1991 2070 opus.
2073 1993 2152 2052 Et
2179 2013 2294 2052 non
2316 1996 2505 2054 solum
2523 1993 2639 2052 hoc
2663 2013 2774 2052 ex-

318 2071 513 2148 emplo
538 2072 599 2130 in
640 2071 906 2131 omnibus
932 2071 1147 2148 legitur
1174 2069 1641 2148 exemplaribus:
1687 2071 1794 2129 sed
1821 2071 1995 2129 etiam
2023 2073 2230 2132 eadem
2255 2073 2374 2131 fide
2401 2071 2710 2131 recitatum
2737 2069 2776 2128 a

320 2148 609 2243 Cicerone
628 2151 689 2207 in
714 2148 962 2241 epistola
986 2149 1062 2206 ad
1090 2148 1430 2207 Lentulum.
1478 2147 1703 2208 Verum
1725 2149 1996 2228 apposuit
2013 2150 2141 2227 pari
2165 2150 2412 2210 audacia
2431 2149 2774 2209 adverbium

312 2247 463 2287 nunc
491 2246 547 2286 ei
574 2247 762 2286 versui
786 2246 802 2284 ε

704 2305 812 2353 Alio
832 2309 963 2368 pacto
984 2301 1175 2352 honeste
1198 2320 1287 2368 quo
1308 2305 1445 2353 modo
1465 2307 1573 2355 hinc
1593 2309 1759 2362 abeam,
1783 2306 1948 2354 nescio.

394 2367 611 2446 Neque
636 2369 790 2427 enim
816 2369 1032 2428 vocalis
1060 2368 1314 2438 eliditur,
1340 2371 1444 2428 sed
1472 2383 1696 2450 perstat
1718 2369 1896 2448 longa
1912 2379 2050 2428 ante
2070 2366 2478 2458 aspirationem
2500 2367 2772 2430 adverbii
2803 2369 2810 2374 '

317 2446 449 2506 hinc
472 2469 497 2504 .-
538 2455 601 2504 et
626 2446 959 2506 trochaicus
986 2447 1249 2506 decurrit
1273 2449 1608 2508 octonarius
1629 2447 2024 2509 catalecticus.
2095 2447 2262 2506 Sicut
2285 2446 2346 2504 in
2365 2447 2547 2506 verbo
2561 2465 2776 2509 mono-

316 2523 545 2604 syllabo
571 2523 733 2583 nulla
756 2525 897 2583 item
924 2525 1147 2584 collisio
1174 2525 1259 2594 fit,
1290 2546 1363 2585 ne
1408 2547 1481 2587 ue
1501 2529 1562 2585 in
1589 2526 1866 2587 adverbio
1893 2543 1965 2586 eo
1991 2545 2164 2586 versu
2183 2546 2202 2583 ε

702 2601 799 2652 Ora
818 2619 917 2651 me:
956 2605 1141 2652 obsecro
1158 2612 1207 2653 te
1226 2601 1349 2662 verb,
1416 2607 1616 2655 haedria:
1655 2607 1671 2653 i
1687 2603 1816 2662 intro,
1837 2606 1925 2661 hei,
1941 2606 2030 2653 bei.

396 2664 677 2746 Corrupit
704 2667 879 2728 etiam
900 2667 1251 2744 syllabarum
1279 2671 1671 2748 quantitates:
1715 2681 1780 2728 ut
1799 2669 1860 2727 in
1885 2669 1986 2728 illo
2015 2668 2274 2744 ejusdem
2300 2667 2515 2727 fabulae
2535 2689 2556 2728 ι

702 2746 777 2795 Sic
792 2754 879 2803 est,
896 2746 1123 2794 inveniam
1143 2748 1275 2796 hodie
1294 2765 1445 2810 parem
1468 2750 1544 2797 ubi
1564 2748 1640 2810 pol
1661 2749 1848 2796 referam
1869 2749 2078 2811 gratiam.
2121 2751 2126 2756 ’

366 2811 599 2870 'Ausus
638 2821 728 2869 est
765 2809 963 2869 dicere
999 2811 1335 2870 adverbium
1362 2813 1528 2872 hodie
1553 2811 1798 2890 primam
1826 2813 2195 2891 producerez
2235 2811 2530 2891 quoniam,
2559 2809 2770 2890 inquit,

315 2888 472 2948 idem
499 2889 574 2947 sit
600 2907 671 2948 ac
699 2888 747 2948 si
773 2888 933 2948 dicas
959 2889 1075 2948 hoc
1102 2889 1215 2949 die.
1286 2893 1373 2949 At
1400 2891 1560 2970 quod
1589 2908 1874 2969 nusquam
1902 2901 2011 2960 est,
2040 2902 2255 2951 narrat.
2314 2892 2470 2950 Nam
2491 2889 2632 2948 cum
2660 2903 2772 2961 est,

314 2967 431 3028 hoc
460 2967 576 3041 die,
613 2977 855 3048 propter
882 2967 1227 3046 positionem
1276 2969 1642 3047 producitur.
1727 2969 1878 3028 Nam
1918 2971 2127 3047 suapte
2168 2971 2380 3030 natura
2419 2969 2596 3028 breve
2676 2987 2772 3026 ro-

312 3065 529 3106 nomen
558 3057 685 3108 estz
726 3046 880 3108 sicut
906 3049 1033 3125 ejus
1050 3066 1306 3130 compar,
1332 3047 1443 3110 hic.
1506 3049 1788 3108 Graecum
1813 3046 1968 3106 enim
1995 3057 2104 3120 est,
2135 3043 2180 3106 ὅ.
2247 3051 2446 3114 Quare
2463 3046 2608 3106 illud
2691 3047 2772 3104 ir·

312 3125 630 3204 gilianum:

702 3205 811 3255 Hoc
830 3213 927 3256 erat
946 3205 1063 3256 alma
1081 3223 1255 3271 parens.

394 3269 534 3330 Non
553 3267 745 3328 solum
768 3285 1006 3349 propter
1032 3271 1570 3349 interrogationem,
1595 3271 1701 3329 sed
1720 3269 1900 3330 etiam
1927 3271 2002 3329 ob
2031 3267 2272 3348 syllabae
2295 3267 2654 3338 servitutem,
2681 3265 2771 3326 le-

314 3359 464 3424 gunt
488 3347 651 3408 hocce
677 3348 717 3406 ii
745 3348 848 3425 qui
875 3348 1189 3407 existimati
1217 3359 1351 3406 sunt
1374 3348 1690 3407 doctiores.
1788 3350 1980 3407 Breve
2007 3349 2161 3408 enim
2182 3347 2355 3406 fuisse
2373 3345 2465 3404 vel
2490 3344 2628 3401 inde
2657 3343 2768 3402 de-

310 3423 713 3500 prehenditur,
743 3425 839 3482 ubi
868 3437 1227 3485 consonante
1254 3424 1462 3484 amissa
1488 3425 1548 3482 in
1575 3425 1852 3485 adverbio
1879 3427 2046 3488 hodie
2074 3437 2403 3505 correptum
2428 3433 2558 3482 estz
2599 3423 2768 3500 quod

312 3499 489 3558 etiam
517 3519 687 3558 exem
730 3501 791 3558 lo
818 3501 1074 3562 invenias
1102 3523 1178 3561 ex
1205 3522 1376 3561 versu
1408 3504 1700 3580 Hecyrae:

496 3637 499 3640 ἢ
746 3579 862 3625 isum
882 3589 967 3638 est,
990 3581 1175 3629 certone
1188 3581 1211 3628 ἰ’
1244 3579 1367 3629 certe
1388 3583 1500 3629 deus
1521 3597 1635 3638 sum,
1661 3585 1698 3630 si
1717 3584 1802 3630 hoc
1823 3584 1888 3630 ita
1907 3590 1990 3639 est,
2013 3599 2172 3631 verum
2193 3583 2400 3647 reperies.

395 3641 505 3700 Est
546 3641 699 3699 enim
738 3661 1060 3719 pronomen
1100 3645 1205 3705 hoc
1230 3645 1489 3704 secunda
1514 3645 1739 3723 syllaba
1765 3646 2007 3726 dactyli,
2037 3647 2139 3726 qui
2164 3647 2224 3705 in
2252 3646 2456 3725 quinta
2480 3643 2621 3703 sede
2642 3653 2732 3702 est
2749 3665 2768 3702 ε

314 3721 693 3854 quamobrem
720 3739 939 3790 versus,
964 3722 1038 3781 de
1066 3742 1183 3813 quo
1211 3743 1369 3783 nunc
1395 3723 1793 3784 controversia
1819 3739 1928 3794 est,
1957 3724 2320 3804 septenarius
2347 3735 2438 3784 est
2462 3720 2768 3782 iambicus.

350 3817 388 3856 n
417 3795 682 3858 convivio
709 3810 903 3857 autem
930 3804 1186 3878 poe'tico,
1214 3801 1378 3859 illum
1400 3821 1479 3860 ex
1508 3802 1787 3861 Eunuchi
1812 3803 2091 3882 prologoz
2369 3847 2378 3856 „

699 3876 863 3928 Habeo
883 3879 969 3926 alia
988 3880 1143 3936 multa,
1165 3893 1269 3941 quae
1290 3895 1409 3928 nunc
1430 3883 1814 3929 condonabuntur.

392 3939 502 4000 Ait
520 3941 863 4000 mendosum
890 3961 1053 4002 esse:
1096 3962 1288 4022 neque
1316 3944 1471 4002 enim
1496 3958 1802 4004 scazontes
1843 3945 1901 4002 in
1943 3964 2014 4004 ea
2055 3963 2272 4024 genera
2309 3941 2636 4003 carminum
2663 3941 2768 4001 ad-

310 4017 463 4078 mitti
487 4039 503 4078 :
542 4018 743 4102 itaque
770 4031 837 4078 ut
860 4032 1110 4080 metrum
1137 4021 1479 4114 corrigeret,
1507 4023 1767 4102 linguam
1786 4023 2060 4082 Latinam
2082 4021 2440 4103 depravavit,
2465 4018 2606 4082 cum
2630 4039 2771 4098 sup·

306 4097 507 4178 posuit
530 4097 957 4158 condonabitur.
1038 4099 1191 4159 Nam
1220 4120 1349 4180 quis
1370 4100 1549 4172 dicat,
1589 4103 1680 4161 Tu
1698 4101 2101 4162 condonaberis
2121 4105 2159 4161 ἃ
2185 4123 2273 4162 me
2295 4099 2771 4163 commentarios?

314 4177 414 4238 An
440 4175 576 4234 vero
596 4175 771 4234 etiam
800 4173 1145 4252 α’προσώπως
1172 4198 1347 4238 ausus
1372 4191 1482 4250 est,
1512 4191 1573 4238 et
1593 4190 1819 4238 rectum
1847 4199 2144 4258 apponere
2170 4192 2366 4240 tamen
2387 4197 2588 4237 casum
2605 4177 2637 4234 ?
2679 4177 2768 4235 At

305 4273 421 4334 ego
486 4265 587 4312 uto
603 4265 849 4326 veteres,
867 4256 1168 4316 excitandi
1184 4269 1547 4337 spectatores
1561 4259 1768 4336 gratia,
1789 4277 1983 4317 naevos
1998 4260 2179 4318 hosce
2193 4279 2258 4318 as
2301 4256 2510 4318 ersisse
2527 4277 2546 4315 ε
2571 4273 2766 4333 neque

310 4334 371 4392 in
397 4354 430 4393 e
493 4331 736 4392 refalsus
762 4353 909 4392 sum.
990 4335 1144 4394 Nam
1188 4339 1293 4416 qui
1334 4336 1535 4394 decuit
1569 4333 1778 4402 mimis,
1813 4336 2091 4413 spondaeo
2118 4339 2250 4396 clau
2295 4357 2395 4396 ere
2423 4332 2760 4403 iambicum,

308 4413 489 4490 quam'
511 4413 646 4471 dact
690 4409 868 4469 licum
896 4413 1099 4472 sistere
1119 4413 1149 4471 ?
1204 4417 1289 4473 At
1318 4425 1600 4492 quantum
1629 4413 1858 4472 decoris
1884 4413 2049 4473 addit
2069 4415 2326 4488 affectui,
2350 4413 2488 4475 cum
2505 4411 2765 4470 diximus

306 4489 367 4548 in
392 4491 612 4550 inferiis
678 4489 830 4549 liolae
856 4502 1087 4563 nostrae,
1116 4494 1327 4551 sororis
1355 4504 1473 4550 tuae
1500 4491 1848 4563 lectissimae,
1881 4491 2042 4568 Sylvi
2071 4515 2088 4552 ι

368 4571 379 4595 ‘
690 4569 799 4617 Heu
820 4572 909 4619 heu
926 4585 1122 4632 quonam
1144 4572 1353 4626 animam,
1376 4587 1466 4633 quo
1488 4572 1686 4619 carmine
1705 4571 1980 4634 compellabo
1994 4573 2018 4620 ⁶?

386 4629 505 4716 Sed
532 4632 607 4690 de
634 4632 722 4695 his
748 4636 1002 4696 numeris
1022 4635 1082 4692 in
1106 4635 1282 4696 tertio
1308 4636 1457 4694 libro
1497 4635 1770 4695 Poe'tices
1798 4636 1905 4699 tibi
1929 4637 2068 4695 satis
2095 4647 2186 4694 est
2211 4636 2302 4694 dis
2347 4644 2596 4693 utatum.
2663 4633 2772 4692 Ita.

300 4717 665 4783 gravitatem,
709 4723 771 4772 et
810 4713 1129 4790 lenitatem,
1176 4726 1239 4775 et
1286 4714 1672 4778 constantiam
1713 4713 1890 4774 animi
1935 4712 2249 4774 ostendens
2339 4712 2621 4785 erentius,
2665 4729 2762 4771 re-
