3067 4959
368 369 459 412 xx
1254 335 1988 404 PROLEGOMENA

368 504 625 566 strandae
650 503 891 585 originis
918 501 1094 562 causa
1128 499 1205 560 de
1234 498 1543 580 utriusque
1578 497 1814 578 generis
1853 498 2020 558 initio
2061 495 2354 560 diximus:
2397 495 2558 577 quod
2597 517 2840 559 necesse

373 596 485 656 est,
506 589 627 664 jain
656 584 936 645 dicemus.
2257 649 2266 659 .

459 663 767 725 Comoedia
806 659 925 718 sere
952 671 1139 726 vetus,
1184 671 1249 719 ut
1290 658 1413 738 ipsa
1458 677 1694 752 quoque
1743 657 1880 716 olim
1926 655 2264 734 Tragoedia,
2312 655 2562 734 simplex
2607 673 2844 715 carmen

384 739 906 824 (quemadmodum
926 739 1050 815 jam
1078 737 1369 817 diximus)
1400 737 1544 796 fuit:
1633 733 1750 794 uod
1778 736 1992 795 chorus
2021 736 2180 796 circa
2211 754 2340 794 aras
2363 735 2660 794 fumantes
2685 754 2844 795 nunc

378 820 681 900 spatiatus,
710 835 869 875 nunc
896 816 1239 888 consistens,
1268 835 1425 875 nunc
1459 757 1763 876 revolvens
1803 833 2000 906 gyros,
2031 833 2167 873 cum
2207 814 2447 872 tibicine
2475 813 2846 874 concinebat.

384 899 503 960 Sed
530 895 717 976 prim&
744 913 861 953 una
886 913 1138 973 persona
1164 895 1483 955 substituta
1520 905 1612 953 est
1640 895 1994 964 cantoribus,
2037 911 2168 971 quae
2209 893 2570 971 respondens
2609 893 2846 952 alternis

382 978 583 1044 choro,
612 972 994 1052 locupletavit
1017 973 1375 1053 varias-itque
1409 993 1532 1033 rem
1575 971 1898 1041 musicam;
1938 982 2063 1030 tum
2103 971 2325 1042 altera3
2365 982 2490 1032 tum
2534 970 2748 1040 tertia;
2787 982 2849 1030 et

380 1055 459 1114 ad
525 1065 863 1122 ostremum,
892 1065 1197 1112 crescente
1233 1072 1497 1122 numere,
1543 1070 1648 1129 pei·
1694 1050 1970 1110 authores
2010 1049 2290 1121 diversos,
2331 1069 2618 1130 personae,
2657 1051 2847 1128 pallae,

382 1144 485 1192 cot
530 1130 677 1200 urni,
704 1129 887 1202 socci,
915 1143 976 1192 et
1004 1131 1203 1192 coeteri
1228 1143 1468 1191 ornatus
1494 1141 1674 1209 atque
1701 1129 1950 1208 insignia
1974 1129 2341 1188 scenicorum
2371 1143 2644 1220 reperta:
2687 1141 2750 1190 et
2776 1129 2852 1190 ad

382 1211 497 1269 hoc
527 1209 846 1288 unicuique
872 1229 1013 1268 suus
1040 1209 1293 1280 habitus,
1322 1221 1382 1268 et
1410 1207 1485 1268 ad
1514 1208 1801 1277 ultimum,
1833 1207 1932 1288 qui
1963 1207 2276 1286 primarum
2305 1219 2577 1286 partium,
2617 1207 2720 1288 qui
2761 1230 2852 1268 se·

384 1289 730 1359 cundarum,
760 1301 821 1347 et
860 1289 1184 1358 tertiarum,
1214 1286 1315 1366 qui
1344 1301 1704 1365 quartarum,
1745 1297 1922 1362 atque
1965 1286 2318 1365 quintarum,
2361 1297 2592 1346 actores
2634 1300 2850 1358 essent,

384 1367 695 1427 distributa
723 1377 783 1425 et
811 1366 995 1426 divisa
1020 1367 1496 1445 quinquepartito
1524 1378 1651 1424 tota
1678 1376 1767 1423 est
1794 1363 2028 1434 fabula3
2070 1383 2202 1456 quae
2242 1375 2436 1424 tamen
2478 1366 2536 1423 in
2573 1364 2717 1444 ipsis
2759 1386 2853 1425 or-

386 1449 483 1505 tus
510 1446 599 1505 sui
626 1445 789 1504 velut
812 1445 1157 1522 quibusdam
1186 1445 1578 1516 incunabulis,
1605 1454 1667 1503 et
1692 1443 1792 1502 vix
1820 1444 1962 1502 dum
1987 1442 2292 1521 incipiens,
2323 1442 2586 1522 κωμῳδία
2611 1444 2854 1512 {versvm

386 1523 481 1582 καὶ
520 1520 740 1604 ἀρχαία
780 1521 939 1583 dicta
984 1536 1110 1582 est:
1162 1520 1201 1580 α’
1233 1521 1385 1603 χαῖα
1434 1522 1680 1592 idcirco,
1729 1523 1869 1602 quia
1905 1533 1997 1580 est
2036 1521 2110 1582 de
2152 1520 2319 1580 nobis
2358 1541 2564 1600 parum
2601 1543 2676 1583 co
2721 1523 2859 1584 uitis

383 1602 569 1662 vitiis:
600 1599 841 1668 ἐτεώνιος
869 1613 1088 1672 autem,
1118 1621 1255 1680 quia
1282 1602 1433 1659 inest
1459 1601 1515 1659 in
1547 1604 1621 1662 ea
1645 1601 1806 1658 velut
1833 1599 2118 1660 historica
2141 1599 2288 1661 fides
2307 1621 2460 1660 verae
2487 1603 2855 1674 narrationis,

388 1694 449 1744 et
477 1679 873 1740 denominatio
900 1679 1178 1750 omnium,
1208 1681 1287 1738 de
1313 1679 1525 1758 quibus
1551 1679 1736 1740 libere
1764 1679 2227 1739 describebatur.
2309 1679 2545 1740 Etenim
2574 1701 2678 1760 per
2709 1683 2857 1760 pris-

388 1779 491 1818 cos
520 1759 755 1828 Poeta-s,
784 1777 903 1816 non
927 1769 991 1816 ut
1017 1777 1196 1830 nunc,
1226 1759 1458 1837 penitus
1483 1757 1628 1818 ficta
1651 1770 2016 1838 argumenta,
2051 1757 2157 1817 sed
2199 1777 2291 1817 res
2331 1770 2515 1836 gestae
2554 1761 2591 1820 ὲ
2630 1759 2860 1820 civibus

388 1831 583 1916 palam
612 1857 745 1900 cum
774 1856 977 1895 eorum
1005 1855 1181 1916 saepe,
1210 1836 1311 1916 qui
1338 1849 1664 1915 gesserant,
1702 1837 1938 1896 nomine
1975 1835 2461 1897 decantabantur.
2540 1839 2690 1900 Ideo
2730 1840 2862 1918 ipsa

388 1935 497 1976 suo
525 1928 789 1995 tempore
818 1915 1075 1974 moribus
1102 1916 1349 1976 multum
1396 1915 1615 1995 profuit
1658 1914 1944 1975 civitatis:
1986 1915 2124 1977 cum
2169 1917 2570 1996 unusquisque
2597 1931 2860 1988 caveret,

390 1996 568 2072 culpa
594 2015 667 2054 ne
695 1994 1037 2073 spectaculo
1066 1995 1294 2054 caeteris
1320 2006 1495 2066 esset,
1524 2008 1588 2054 et
1627 1994 1952 2055 domestico
1991 1996 2227 2074 probro.
2314 1996 2434 2055 Sed
2475 1998 2612 2056 cum
2655 1998 2864 2058 Poe'tae

390 2073 552 2134 abuti
580 2073 857 2133 licentius
883 2085 936 2132 st
980 2074 1059 2144 10,
1089 2085 1149 2132 et
1176 2073 1389 2152 passim
1416 2073 1632 2134 laedere
1669 2094 1748 2134 ex
1788 2074 2030 2135 libidine
2056 2075 2375 2154 coepissent
2411 2076 2608 2154 plures
2647 2077 2863 2148 bonos,

388 2171 465 2212 ne
486 2153 791 2231 quisquam
816 2152 875 2210 in
895 2172 932 2211 a
956 2163 1145 2210 terum
1170 2173 1405 2212 carmen
1425 2153 1640 2212 infame
1662 2165 2018 2234 proponeret
2035 2153 2171 2232 lege
2193 2155 2311 2214 lata
2326 2154 2556 2214 siluere.
2621 2155 2702 2214 Et
2719 2156 2866 2214 binc

388 2229 607 2288 deinde
653 2229 813 2287 aliud
900 2249 1044 2289 enus
1088 2229 1322 2301 sabulae,
1362 2229 1426 2287 id
1472 2242 1583 2298 est,
1629 2231 1940 2306 suna,
1965 2233 2213 2308 sumpsit
2250 2233 2596 2290 exordium:
2644 2254 2780 2311 quae
2832 2234 2870 2293 ῖι

390 2307 620 2398 satyris,
652 2325 801 2385 quos
826 2250 1021 2367 iffotos
1047 2328 1167 2368 sem
1212 2328 1280 2368 er
1305 2326 1377 2366 ac
1418 2307 1750 2385 petulantes
1791 2309 1955 2366 Deos
1995 2308 2214 2365 scimus
2255 2325 2400 2374 esse,
2431 2309 2692 2368 vocitata
2733 2325 2872 2372 est:

391 2397 503 2446 etsi
528 2385 764 2445 aliunde
790 2406 1003 2444 nomen
1032 2399 1282 2446 traxisse
1310 2387 1487 2464 prave
1528 2396 1741 2463 putant
1779 2383 1895 2442 alii.
1977 2385 2148 2452 Haec,
2192 2401 2324 2460 quie
2365 2383 2578 2460 Satyra
2615 2385 2878 2463 dieitur,

390 2465 676 2540 ejusmodi
700 2463 834 2532 fuit,
864 2477 930 2524 ut
957 2465 1015 2523 in
1045 2468 1113 2525 ea
1138 2491 1154 2534 ς
1183 2463 1443 2543 quamvis
1470 2461 1620 2521 duro
1647 2475 1706 2520 et
1733 2460 1914 2519 veluti
1943 2459 2158 2538 agresti
2177 2463 2340 2537 joce,
2363 2461 2438 2522 de
2459 2459 2612 2522 vitiis
2639 2463 2878 2532 civium

390 2553 589 2604 tamen
616 2543 739 2602 sine
776 2543 896 2603 ullo
935 2544 1157 2622 proprii
1198 2542 1444 2600 nominis
1486 2541 1658 2599 titulo
1700 2557 1932 2599 carmen
1975 2552 2148 2599 esset.
2251 2541 2432 2614 Quod
2477 2540 2619 2600 item
2669 2563 2878 2620 genus

393 2622 716 2684 Comoediae
744 2622 939 2682 multis
962 2620 1153 2680 obfuit
1182 2619 1397 2689 Poetis,
1428 2619 1566 2676 cum
1607 2617 1665 2674 in
1707 2617 2100 2694 suspicionem
2139 2619 2480 2696 potentibus
2505 2619 2733 2682 civibus
2760 2645 2872 2688 ve-

388 2701 631 2773 nissent,
661 2701 891 2761 illorum
920 2699 1081 2760 facta
1104 2697 1477 2774 descripsisse
1504 2695 1565 2752 in
1593 2697 1784 2773 pejus,
1811 2714 1884 2754 ac
1925 2695 2283 2757 deformasse
2323 2717 2510 2776 genus
2545 2700 2702 2777 stylo
2732 2723 2872 2765 aar.

389 2781 599 2843 minist
642 2779 802 2858 quod
830 2775 1017 2855 prim&
1048 2774 1308 2834 Lucilius
1335 2793 1487 2832 novo
1516 2773 1865 2852 conscripsit
1893 2774 2088 2846 modo,
2121 2790 2187 2837 ut
2213 2775 2426 2844 Poesin
2455 2777 2592 2837 inde
2609 2779 2868 2856 faceret,

388 2859 452 2918 id
479 2871 587 2927 est,
617 2857 789 2932 unius
814 2853 1085 2914 carminis
1111 2851 1311 2931 plures
1336 2851 1535 2912 libros.
1619 2854 1758 2914 Hoc
1785 2855 1984 2932 igitur,
2015 2876 2134 2934 quo
2159 2857 2338 2936 supra
2363 2856 2640 2928 diximus,
2683 2864 2868 2922 modo

390 2935 583 3010 coacti
612 2933 881 2999 omittere
907 2943 1183 3010 satyram,
1212 2928 1371 2990 aliud
1398 2952 1586 3011 genus
1616 2932 1907 3004 carminis,
1947 2937 2047 3009 τήν
2089 2935 2211 2996 νέαν
2244 2935 2550 3013 κωμῴδιαν,
2591 2937 2708 2998 1100
2749 2955 2868 3013 est,

386 3033 597 3074 novam
628 3010 975 3072 comoediam
1006 3031 1279 3090 reperere
1308 3012 1527 3082 Poetae,
1558 3032 1690 3091 quoe
1717 3026 2064 3090 argumento
2091 3015 2390 3075 communi
2416 3016 2620 3093 magis,
2653 3031 2716 3078 et
2753 3043 2865 3102 ge..

388 3093 666 3155 neralitei·
692 3093 767 3151 ad
797 3110 997 3152 omnes
1023 3090 1307 3161 homineS,
1339 3090 1439 3170 qui
1466 3091 1860 3152 mediocribus
1894 3094 2145 3154 fortunis
2171 3105 2374 3174 agunt,
2417 3097 2760 3175 pertineret,
2801 3115 2864 3166 et

388 3173 583 3234 minus
608 3163 1011 3233 amaritudinis
1038 3170 1469 3252 spectatoribus
1488 3184 1550 3230 et
1569 3172 1780 3232 eadem
1800 3174 1982 3251 opera
1995 3174 2244 3248 multum
2265 3173 2672 3236 delectationis
2691 3179 2866 3242 affer-2

390 3263 483 3310 ret
506 3277 523 3322 ;
550 3253 839 3312 concinna
863 3263 1232 3330 argumento,
1264 3251 1690 3308 consuetudine
1713 3269 1995 3328 congrua,
2019 3253 2176 3312 utilis
2195 3256 2520 3324 sententiiS,
2541 3268 2712 3333 grata
2727 3260 2864 3322 sali-

389 3331 523 3398 bus,
568 3343 707 3406 apta
748 3341 958 3388 metro.
1061 3329 1149 3387 Ut
1189 3327 1368 3404 igitur
1410 3327 1738 3402 superiores
1781 3326 1893 3384 illae
1931 3329 2050 3388 suis
2077 3350 2329 3408 quaeque
2357 3335 2732 3395 celebrantur
2759 3358 2866 3401 au·

391 3405 697 3473 tlioribus;
740 3407 823 3465 ita
863 3407 993 3464 haec
1040 3404 1133 3461 νέα
1174 3400 1437 3480 κωμῳδία
1478 3401 1614 3460 cum
1656 3403 1969 3462 multorum
2011 3418 2204 3479 antea,
2245 3422 2368 3470 tum
2397 3413 2700 3491 praecipue
2727 3418 2866 3478 Me-

390 3483 607 3542 nandri
642 3483 1007 3558 Terentiique
1035 3493 1156 3538 est:
1188 3479 1262 3538 de
1288 3481 1407 3557 qua
1426 3478 1566 3537 cum
1590 3480 1772 3542 multa
1789 3481 2040 3543 dicenda
2058 3485 2192 3556 sint,
2216 3500 2308 3547 sat
2329 3491 2440 3550 erit
2462 3503 2677 3561 tamen,
2701 3497 2868 3558 velut

392 3559 745 3623 admonendi
768 3557 1005 3617 lectoris
1027 3559 1222 3626 causa,
1246 3557 1405 3636 quod
1434 3557 1509 3615 de
1543 3561 1690 3617 Arte
1713 3559 1958 3622 comica
1978 3575 2240 3623 veterum
2265 3567 2482 3630 chartis
2503 3572 2867 3646 continetur,

394 3657 717 3718 exponere.
801 3637 1087 3696 Comoedia
1106 3646 1283 3705 vetus,
1307 3647 1372 3694 ut
1398 3637 1470 3694 ab
1491 3635 1658 3696 initio
1678 3637 1892 3698 chorus
1917 3640 2049 3712 fuit,
2069 3645 2466 3726 paulatimque
2481 3669 2868 3728 personarum

392 3737 639 3778 numero
666 3716 727 3774 in
796 3715 1012 3793 uinque
1039 3725 1206 3774 actus
1235 3714 1551 3790 processit:
1583 3717 1666 3776 ita
1685 3718 1962 3795 paulatim
1984 3721 2144 3781 velut
2172 3724 2374 3785 attrito
2399 3741 2583 3807 atque
2609 3743 2868 3794 extenu-

394 3809 494 3858 ato
524 3797 706 3856 choro
732 3815 769 3854 a
834 3814 1033 3853 novam
1061 3793 1403 3853 Comoedi‘am
1430 3793 1515 3854 sic
1545 3796 1828 3872 pervenit,
1849 3809 1913 3856 ut
1938 3798 1995 3857 in
2025 3803 2098 3860 ea
2123 3820 2238 3861 non
2268 3805 2445 3866 mod&
2473 3827 2592 3868 non
2617 3809 2866 3872 induca-

395 3888 493 3937 tur
511 3875 745 3943 chorus,
770 3873 873 3934 sed
896 3892 969 3931 ne
991 3872 1156 3930 locus
1221 3870 1414 3932 uidem
1438 3873 1590 3933 ullus
1601 3877 1723 3952 jam
1746 3876 2108 3955 relinquatur
2129 3881 2328 3942 choro.
2373 3886 2524 3944 Nam
2549 3901 2866 3968 postquam

397 3955 588 4014 otioso
616 3966 901 4030 tempore,
929 3949 1282 4009 fastidiosior
1308 3963 1606 4028 spectator
1633 3951 1897 4024 effectus,
1927 3969 2070 4016 tunc
2098 3958 2235 4018 cum
2263 3963 2338 4024 ad
2361 3976 2634 4026 cantores
2659 3969 2734 4028 ab
2766 3990 2866 4032 ac.

396 4033 623 4092 toribus
649 4030 848 4090 fabula
875 4029 1178 4098 transibat,
1200 4047 1559 4111 consurgere
1579 4044 1641 4091 et
1661 4033 1821 4093 abire
1843 4036 2153 4114 coepisset:
2183 4040 2488 4102 admonuit
2513 4046 2726 4108 Foetes
2749 4049 2865 4126 pri-

394 4111 493 4170 ωὸ
520 4109 757 4189 quidem
785 4110 996 4168 choros
1022 4108 1487 4186 praetermittere,
1515 4110 1711 4170 locum
1736 4113 1818 4172 eis
1837 4113 2252 4194 relinquentes,
2282 4131 2348 4180 ut
2369 4123 2702 4186 Menander
2719 4126 2871 4188 fecit

394 4191 511 4252 hac
538 4189 614 4248 de
642 4189 838 4260 causa,
867 4207 1005 4257 non,
1038 4198 1102 4247 ut
1128 4187 1225 4245 alii
1252 4186 1612 4260 existimant,
1639 4190 1768 4250 alia.
1849 4191 2156 4254 Postremd
2183 4217 2257 4256 ne
2285 4197 2481 4260 locum
2502 4187 2746 4282 quidem
2769 4227 2864 4267 re·

393 4271 736 4350 liquerunt;
776 4266 935 4358 quod
982 4264 1180 4326 Latini
1226 4265 1497 4326 fecerunt
1541 4270 1802 4328 Comici:
1849 4273 2005 4331 unde
2044 4276 2201 4352 apud
2235 4277 2366 4344 illos
2392 4280 2666 4345 dirimere
2691 4297 2877 4348 aetus.

396 4349 903 4430 quinquepartitos
930 4344 1162 4406 difficile
1190 4358 1300 4404 est.
1380 4346 1536 4406 Tum
1563 4346 1738 4407 etiam
1767 4349 1966 4411 Graeci
1993 4353 2268 4444 prologos
2291 4377 2411 4418 non
2435 4361 2660 4423 habent
2697 4382 2871 4425 more

396 4440 751 4498 nostrorum,
779 4444 926 4504 quos
953 4423 1151 4484 Latini
1188 4423 1424 4484 habent.
1504 4425 1740 4486 Deinde
1781 4426 1925 4497 θεοὺς
1965 4428 2074 4488 απὸ
2113 4455 2190 4509 μη
2243 4434 2396 4512 ανῆς,
2437 4438 2500 4498 id
2539 4452 2650 4512 est,
2696 4442 2876 4504 Deos

398 4503 761 4584 argumentis
786 4503 1090 4564 narrandis
1115 4503 1500 4574 machinatos,
1526 4505 1726 4566 caeteri
1751 4505 1950 4570 Latini
1990 4507 2172 4573 instar
2275 4536 2560 4578 raecorum
2599 4521 2876 4590 liabentg

408 4583 709 4644 Terentius
734 4603 852 4646 non
876 4583 1076 4644 habet.
1157 4579 1259 4641 Ad
1286 4583 1401 4642 hoc
1440 4601 1482 4641 π
1514 4583 1748 4644 στατικοὶ
1785 4588 2072 4667 πρόσωπα,
2110 4591 2174 4654 id
2213 4605 2322 4664 est,
2403 4615 2644 4660 ersonas
2689 4613 2876 4662 enm

403 4673 813 4734 argumentum
836 4664 1172 4739 accersitae,
1212 4679 1330 4724 non
1369 4607 1542 4742 facile
1570 4665 1770 4728 caeteri
1807 4665 2062 4746 liabent:
2105 4672 2316 4750 quibus
2361 4616 2685 4740 {nntius
2705 4699 2874 4760 sape
