<?xml version="1.0" encoding="UTF-8"?>
<!DOCTYPE html PUBLIC "-//W3C//DTD XHTML 1.0 Transitional//EN"
    "http://www.w3.org/TR/xhtml1/DTD/xhtml1-transitional.dtd">
<html xmlns="http://www.w3.org/1999/xhtml" xml:lang="en" lang="en">
 <head>
  <title>
</title>
<meta http-equiv="Content-Type" content="text/html;charset=utf-8" />
  <meta name='ocr-system' content='tesseract 3.04.00' />
  <meta name='ocr-capabilities' content='ocr_page ocr_carea ocr_par ocr_line ocrx_word'/>
</head>
<body>
  <div class='ocr_page' id='page_1' title='image "./comdisex00unkngoog_0049.png"; bbox 0 0 3067 4959; ppageno 0'>
   <div class='ocr_carea' id='block_1_1' title="bbox 1273 273 2816 343">
    <p class='ocr_par' dir='ltr' id='par_1_1' title="bbox 1273 273 2816 343">
     <span class='ocr_line' id='line_1_1' title="bbox 1273 273 2816 343; baseline -0.001 -2"><span class='ocrx_word' id='word_1_1' title='bbox 1273 274 1916 343; x_wconf 81' lang='lat' dir='ltr'><strong>TERENTIANA.</strong></span> <span class='ocrx_word' id='word_1_2' title='bbox 2606 273 2816 339; x_wconf 80' lang='lat' dir='ltr'>xxxix</span> 
     </span>
    </p>
   </div>
   <div class='ocr_carea' id='block_1_2' title="bbox 313 434 2809 4733">
    <p class='ocr_par' dir='ltr' id='par_1_2' title="bbox 342 434 2808 1064">
     <span class='ocr_line' id='line_1_2' title="bbox 350 434 2808 517; baseline -0.002 -19"><span class='ocrx_word' id='word_1_3' title='bbox 350 448 508 499; x_wconf 83' lang='lat' dir='ltr'><strong>esset</strong></span> <span class='ocrx_word' id='word_1_4' title='bbox 547 436 741 501; x_wconf 72' lang='lat' dir='ltr'><strong>minus</strong></span> <span class='ocrx_word' id='word_1_5' title='bbox 778 436 1100 516; x_wconf 77' lang='lat' dir='ltr'><strong>occupati;</strong></span> <span class='ocrx_word' id='word_1_6' title='bbox 1138 436 1440 497; x_wconf 86' lang='lat' dir='ltr'><strong>testificari</strong></span> <span class='ocrx_word' id='word_1_7' title='bbox 1478 435 1709 497; x_wconf 71' lang='lat' dir='ltr'><strong>tantum</strong></span> <span class='ocrx_word' id='word_1_8' title='bbox 1749 436 1867 497; x_wconf 88' lang='lat' dir='ltr'><strong>hoc</strong></span> <span class='ocrx_word' id='word_1_9' title='bbox 1906 447 2197 516; x_wconf 87' lang='lat' dir='ltr'><strong>tempore,</strong></span> <span class='ocrx_word' id='word_1_10' title='bbox 2236 434 2574 517; x_wconf 72' lang='lat' dir='ltr'><strong>liquidoque</strong></span> <span class='ocrx_word' id='word_1_11' title='bbox 2606 437 2808 509; x_wconf 84' lang='lat' dir='ltr'><strong>jurare</strong></span> 
     </span>
     <span class='ocr_line' id='line_1_3' title="bbox 348 512 2808 595; baseline -0.004 -18"><span class='ocrx_word' id='word_1_12' title='bbox 348 534 686 595; x_wconf 84' lang='lat' dir='ltr'><strong>possumus,</strong></span> <span class='ocrx_word' id='word_1_13' title='bbox 714 516 852 574; x_wconf 87' lang='lat' dir='ltr'><strong>nihil</strong></span> <span class='ocrx_word' id='word_1_14' title='bbox 885 535 1012 585; x_wconf 86' lang='lat' dir='ltr'><strong>nos,</strong></span> <span class='ocrx_word' id='word_1_15' title='bbox 1042 516 1154 576; x_wconf 87' lang='lat' dir='ltr'><strong>nisi</strong></span> <span class='ocrx_word' id='word_1_16' title='bbox 1183 514 1528 585; x_wconf 73' lang='lat' dir='ltr'><strong>necessario,</strong></span> <span class='ocrx_word' id='word_1_17' title='bbox 1558 515 1699 573; x_wconf 89' lang='lat' dir='ltr'><strong>nihil</strong></span> <span class='ocrx_word' id='word_1_18' title='bbox 1726 515 1835 574; x_wconf 88' lang='lat' dir='ltr'><strong>nisi</strong></span> <span class='ocrx_word' id='word_1_19' title='bbox 1874 514 2095 585; x_wconf 65' lang='lat' dir='ltr'><strong>versus,</strong></span> <span class='ocrx_word' id='word_1_20' title='bbox 2122 515 2451 593; x_wconf 81' lang='lat' dir='ltr'><strong>elegantioe.</strong></span> <span class='ocrx_word' id='word_1_21' title='bbox 2476 512 2808 573; x_wconf 65' lang='lat' dir='ltr'><strong>sententiae-</strong></span> 
     </span>
     <span class='ocr_line' id='line_1_4' title="bbox 350 590 2807 673; baseline -0.003 -18"><span class='ocrx_word' id='word_1_22' title='bbox 350 616 472 673; x_wconf 90' lang='lat' dir='ltr'><strong>que</strong></span> <span class='ocrx_word' id='word_1_23' title='bbox 502 594 756 654; x_wconf 79' lang='lat' dir='ltr'><strong>convitio</strong></span> <span class='ocrx_word' id='word_1_24' title='bbox 780 595 1153 655; x_wconf 72' lang='lat' dir='ltr'><strong>immutasse:</strong></span> <span class='ocrx_word' id='word_1_25' title='bbox 1185 594 1504 653; x_wconf 81' lang='lat' dir='ltr'><strong>restituisse</strong></span> <span class='ocrx_word' id='word_1_26' title='bbox 1526 594 1813 673; x_wconf 83' lang='lat' dir='ltr'><strong>quaedam,</strong></span> <span class='ocrx_word' id='word_1_27' title='bbox 1837 604 1900 652; x_wconf 91' lang='lat' dir='ltr'><strong>ut</strong></span> <span class='ocrx_word' id='word_1_28' title='bbox 1926 595 1999 653; x_wconf 87' lang='lat' dir='ltr'><strong>ab</strong></span> <span class='ocrx_word' id='word_1_29' title='bbox 2028 593 2095 653; x_wconf 90' lang='lat' dir='ltr'><strong>iis</strong></span> <span class='ocrx_word' id='word_1_30' title='bbox 2122 593 2465 653; x_wconf 75' lang='lat' dir='ltr'><strong>authoribus</strong></span> <span class='ocrx_word' id='word_1_31' title='bbox 2494 592 2569 650; x_wconf 89' lang='lat' dir='ltr'><strong>de</strong></span> <span class='ocrx_word' id='word_1_32' title='bbox 2596 590 2807 669; x_wconf 88' lang='lat' dir='ltr'><strong>quibus</strong></span> 
     </span>
     <span class='ocr_line' id='line_1_5' title="bbox 351 668 2807 751; baseline -0.002 -18"><span class='ocrx_word' id='word_1_33' title='bbox 351 675 496 733; x_wconf 68' lang='lat' dir='ltr'><strong>ante</strong></span> <span class='ocrx_word' id='word_1_34' title='bbox 541 673 942 751; x_wconf 81' lang='lat' dir='ltr'><strong>loquebamur,</strong></span> <span class='ocrx_word' id='word_1_35' title='bbox 985 674 1168 732; x_wconf 87' lang='lat' dir='ltr'><strong>citata</strong></span> <span class='ocrx_word' id='word_1_36' title='bbox 1206 672 1673 751; x_wconf 79' lang='lat' dir='ltr'><strong>reperiebamus:</strong></span> <span class='ocrx_word' id='word_1_37' title='bbox 1720 671 2021 731; x_wconf 84' lang='lat' dir='ltr'><strong>codicibus</strong></span> <span class='ocrx_word' id='word_1_38' title='bbox 2048 672 2131 731; x_wconf 91' lang='lat' dir='ltr'><strong>ita</strong></span> <span class='ocrx_word' id='word_1_39' title='bbox 2158 692 2291 729; x_wconf 92' lang='lat' dir='ltr'><strong>usos</strong></span> <span class='ocrx_word' id='word_1_40' title='bbox 2314 670 2495 730; x_wconf 84' lang='lat' dir='ltr'><strong>fuisse</strong></span> <span class='ocrx_word' id='word_1_41' title='bbox 2521 668 2807 748; x_wconf 76' lang='lat' dir='ltr'><strong>plurimis,</strong></span> 
     </span>
     <span class='ocr_line' id='line_1_6' title="bbox 349 747 2805 830; baseline -0.002 -19"><span class='ocrx_word' id='word_1_42' title='bbox 349 764 420 811; x_wconf 88' lang='lat' dir='ltr'><strong>ut</strong></span> <span class='ocrx_word' id='word_1_43' title='bbox 448 750 582 829; x_wconf 74' lang='lat' dir='ltr'><strong>plus</strong></span> <span class='ocrx_word' id='word_1_44' title='bbox 607 771 833 829; x_wconf 80' lang='lat' dir='ltr'><strong>semper</strong></span> <span class='ocrx_word' id='word_1_45' title='bbox 858 752 1017 830; x_wconf 83' lang='lat' dir='ltr'><strong>apud</strong></span> <span class='ocrx_word' id='word_1_46' title='bbox 1045 772 1150 811; x_wconf 89' lang='lat' dir='ltr'><strong>nos</strong></span> <span class='ocrx_word' id='word_1_47' title='bbox 1178 750 1421 809; x_wconf 82' lang='lat' dir='ltr'><strong>valuerit</strong></span> <span class='ocrx_word' id='word_1_48' title='bbox 1441 750 1652 828; x_wconf 86' lang='lat' dir='ltr'><strong>judicii</strong></span> <span class='ocrx_word' id='word_1_49' title='bbox 1680 751 1849 819; x_wconf 89' lang='lat' dir='ltr'><strong>ratio,</strong></span> <span class='ocrx_word' id='word_1_50' title='bbox 1876 750 2047 828; x_wconf 74' lang='lat' dir='ltr'><strong>quam</strong></span> <span class='ocrx_word' id='word_1_51' title='bbox 2077 750 2293 808; x_wconf 87' lang='lat' dir='ltr'><strong>librarii</strong></span> <span class='ocrx_word' id='word_1_52' title='bbox 2317 768 2519 807; x_wconf 86' lang='lat' dir='ltr'><strong>manus</strong></span> <span class='ocrx_word' id='word_1_53' title='bbox 2544 747 2805 817; x_wconf 84' lang='lat' dir='ltr'><strong>indocta,</strong></span> 
     </span>
     <span class='ocr_line' id='line_1_7' title="bbox 349 826 2805 909; baseline -0.001 -22"><span class='ocrx_word' id='word_1_54' title='bbox 349 842 536 909; x_wconf 88' lang='lat' dir='ltr'><strong>atque</strong></span> <span class='ocrx_word' id='word_1_55' title='bbox 563 830 886 888; x_wconf 88' lang='lat' dir='ltr'><strong>temeraria.</strong></span> <span class='ocrx_word' id='word_1_56' title='bbox 967 832 1172 908; x_wconf 85' lang='lat' dir='ltr'><strong>Atque</strong></span> <span class='ocrx_word' id='word_1_57' title='bbox 1211 842 1278 887; x_wconf 91' lang='lat' dir='ltr'><strong>ut</strong></span> <span class='ocrx_word' id='word_1_58' title='bbox 1317 828 1512 888; x_wconf 87' lang='lat' dir='ltr'><strong>animo</strong></span> <span class='ocrx_word' id='word_1_59' title='bbox 1554 847 1903 906; x_wconf 86' lang='lat' dir='ltr'><strong>praesumere</strong></span> <span class='ocrx_word' id='word_1_60' title='bbox 1943 829 2147 905; x_wconf 84' lang='lat' dir='ltr'><strong>possis,</strong></span> <span class='ocrx_word' id='word_1_61' title='bbox 2197 827 2337 907; x_wconf 86' lang='lat' dir='ltr'><strong>quid</strong></span> <span class='ocrx_word' id='word_1_62' title='bbox 2388 826 2463 885; x_wconf 89' lang='lat' dir='ltr'><strong>de</strong></span> <span class='ocrx_word' id='word_1_63' title='bbox 2514 837 2641 885; x_wconf 91' lang='lat' dir='ltr'><strong>toto</strong></span> <span class='ocrx_word' id='word_1_64' title='bbox 2690 826 2805 884; x_wconf 91' lang='lat' dir='ltr'><strong>hoc</strong></span> 
     </span>
     <span class='ocr_line' id='line_1_8' title="bbox 345 906 2803 988; baseline -0.002 -23"><span class='ocrx_word' id='word_1_65' title='bbox 345 908 554 967; x_wconf 86' lang='lat' dir='ltr'><strong>labore</strong></span> <span class='ocrx_word' id='word_1_66' title='bbox 581 920 779 967; x_wconf 84' lang='lat' dir='ltr'><strong>nostro</strong></span> <span class='ocrx_word' id='word_1_67' title='bbox 807 908 1020 967; x_wconf 79' lang='lat' dir='ltr'><strong>debeas</strong></span> <span class='ocrx_word' id='word_1_68' title='bbox 1037 910 1324 983; x_wconf 87' lang='lat' dir='ltr'><strong>judicare,</strong></span> <span class='ocrx_word' id='word_1_69' title='bbox 1341 906 1591 965; x_wconf 86' lang='lat' dir='ltr'><strong>referam</strong></span> <span class='ocrx_word' id='word_1_70' title='bbox 1622 907 1843 984; x_wconf 88' lang='lat' dir='ltr'><strong>paucis,</strong></span> <span class='ocrx_word' id='word_1_71' title='bbox 1867 926 1997 987; x_wconf 85' lang='lat' dir='ltr'><strong>quae</strong></span> <span class='ocrx_word' id='word_1_72' title='bbox 2024 907 2084 965; x_wconf 90' lang='lat' dir='ltr'><strong>in</strong></span> <span class='ocrx_word' id='word_1_73' title='bbox 2113 906 2355 967; x_wconf 82' lang='lat' dir='ltr'><strong>Andriae</strong></span> <span class='ocrx_word' id='word_1_74' title='bbox 2376 906 2648 988; x_wconf 83' lang='lat' dir='ltr'><strong>prologo,</strong></span> <span class='ocrx_word' id='word_1_75' title='bbox 2670 922 2803 982; x_wconf 78' lang='lat' dir='ltr'><strong>quae</strong></span> 
     </span>
     <span class='ocr_line' id='line_1_9' title="bbox 342 985 1821 1064; baseline -0.001 -20"><span class='ocrx_word' id='word_1_76' title='bbox 342 985 406 1044; x_wconf 87' lang='lat' dir='ltr'><strong>in</strong></span> <span class='ocrx_word' id='word_1_77' title='bbox 435 986 616 1045; x_wconf 69' lang='lat' dir='ltr'><strong>scena</strong></span> <span class='ocrx_word' id='word_1_78' title='bbox 639 986 828 1064; x_wconf 72' lang='lat' dir='ltr'><strong>prima</strong></span> <span class='ocrx_word' id='word_1_79' title='bbox 855 988 1126 1063; x_wconf 71' lang='lat' dir='ltr'><strong>corrupte</strong></span> <span class='ocrx_word' id='word_1_80' title='bbox 1154 986 1270 1061; x_wconf 84' lang='lat' dir='ltr'><strong>legi</strong></span> <span class='ocrx_word' id='word_1_81' title='bbox 1297 985 1821 1045; x_wconf 82' lang='lat' dir='ltr'><strong>animadverterim.</strong></span> 
     </span>
    </p>

    <p class='ocr_par' dir='ltr' id='par_1_3' title="bbox 430 1064 1261 1142">
     <span class='ocr_line' id='line_1_10' title="bbox 430 1064 1261 1142; baseline -0.005 -17"><span class='ocrx_word' id='word_1_82' title='bbox 430 1064 551 1125; x_wconf 90' lang='lat' dir='ltr'><strong>Ubi</strong></span> <span class='ocrx_word' id='word_1_83' title='bbox 577 1064 636 1122; x_wconf 87' lang='lat' dir='ltr'><strong>in</strong></span> <span class='ocrx_word' id='word_1_84' title='bbox 661 1065 910 1142; x_wconf 82' lang='lat' dir='ltr'><strong>prologo</strong></span> <span class='ocrx_word' id='word_1_85' title='bbox 935 1064 1261 1141; x_wconf 85' lang='lat' dir='ltr'><strong>legebatur,</strong></span> 
     </span>
    </p>

    <p class='ocr_par' dir='ltr' id='par_1_4' title="bbox 345 1142 2801 1687">
     <span class='ocr_line' id='line_1_11' title="bbox 974 1142 2165 1207; baseline 0.005 -18"><span class='ocrx_word' id='word_1_86' title='bbox 974 1142 1030 1191; x_wconf 85' lang='lat' dir='ltr'><strong>ld</strong></span> <span class='ocrx_word' id='word_1_87' title='bbox 1050 1144 1124 1191; x_wconf 86' lang='lat' dir='ltr'><strong>isti</strong></span> <span class='ocrx_word' id='word_1_88' title='bbox 1147 1145 1398 1207; x_wconf 70' lang='lat' dir='ltr'><strong>vituperant</strong></span> <span class='ocrx_word' id='word_1_89' title='bbox 1417 1142 1604 1198; x_wconf 82' lang='lat' dir='ltr'><strong>factum,</strong></span> <span class='ocrx_word' id='word_1_90' title='bbox 1625 1151 1758 1205; x_wconf 86' lang='lat' dir='ltr'><strong>atque</strong></span> <span class='ocrx_word' id='word_1_91' title='bbox 1779 1143 1825 1191; x_wconf 87' lang='lat' dir='ltr'><strong>in</strong></span> <span class='ocrx_word' id='word_1_92' title='bbox 1847 1158 1902 1191; x_wconf 86' lang='lat' dir='ltr'><strong>eo</strong></span> <span class='ocrx_word' id='word_1_93' title='bbox 1924 1142 2165 1205; x_wconf 72' lang='lat' dir='ltr'><strong>disputant.</strong></span> 
     </span>
     <span class='ocr_line' id='line_1_12' title="bbox 347 1222 2800 1300; baseline -0.001 -17"><span class='ocrx_word' id='word_1_94' title='bbox 347 1224 488 1283; x_wconf 84' lang='lat' dir='ltr'><strong>Non</strong></span> <span class='ocrx_word' id='word_1_95' title='bbox 537 1235 810 1283; x_wconf 78' lang='lat' dir='ltr'><strong>constare</strong></span> <span class='ocrx_word' id='word_1_96' title='bbox 859 1243 1090 1283; x_wconf 87' lang='lat' dir='ltr'><strong>versum</strong></span> <span class='ocrx_word' id='word_1_97' title='bbox 1137 1224 1370 1283; x_wconf 60' lang='lat' dir='ltr'><strong>noterat</strong></span> <span class='ocrx_word' id='word_1_98' title='bbox 1415 1222 1711 1293; x_wconf 84' lang='lat' dir='ltr'><strong>Erasmus,</strong></span> <span class='ocrx_word' id='word_1_99' title='bbox 1742 1223 1851 1281; x_wconf 85' lang='lat' dir='ltr'><strong>nisi</strong></span> <span class='ocrx_word' id='word_1_100' title='bbox 1893 1224 1951 1281; x_wconf 89' lang='lat' dir='ltr'><strong>in</strong></span> <span class='ocrx_word' id='word_1_101' title='bbox 1980 1222 2323 1300; x_wconf 82' lang='lat' dir='ltr'><strong>pronomine</strong></span> <span class='ocrx_word' id='word_1_102' title='bbox 2364 1223 2465 1283; x_wconf 74' lang='lat' dir='ltr'><strong>isti</strong></span> <span class='ocrx_word' id='word_1_103' title='bbox 2498 1224 2669 1290; x_wconf 85' lang='lat' dir='ltr'><strong>litera</strong></span> <span class='ocrx_word' id='word_1_104' title='bbox 2707 1242 2800 1282; x_wconf 89' lang='lat' dir='ltr'><strong>se-</strong></span> 
     </span>
     <span class='ocr_line' id='line_1_13' title="bbox 345 1301 2800 1391; baseline 0.001 -30"><span class='ocrx_word' id='word_1_105' title='bbox 345 1304 546 1363; x_wconf 87' lang='lat' dir='ltr'><strong>cunda</strong></span> <span class='ocrx_word' id='word_1_106' title='bbox 570 1302 906 1369; x_wconf 84' lang='lat' dir='ltr'><strong>elideretur,</strong></span> <span class='ocrx_word' id='word_1_107' title='bbox 934 1314 1114 1381; x_wconf 87' lang='lat' dir='ltr'><strong>atque</strong></span> <span class='ocrx_word' id='word_1_108' title='bbox 1135 1304 1216 1361; x_wconf 86' lang='lat' dir='ltr'><strong>ita</strong></span> <span class='ocrx_word' id='word_1_109' title='bbox 1242 1301 1412 1360; x_wconf 83' lang='lat' dir='ltr'><strong>fieret</strong></span> <span class='ocrx_word' id='word_1_110' title='bbox 1437 1310 1783 1391; x_wconf 72' lang='lat' dir='ltr'><strong>auapaestus.</strong></span> <span class='ocrx_word' id='word_1_111' title='bbox 1867 1302 2223 1379; x_wconf 83' lang='lat' dir='ltr'><strong>Hujusmodi</strong></span> <span class='ocrx_word' id='word_1_112' title='bbox 2252 1322 2357 1361; x_wconf 86' lang='lat' dir='ltr'><strong>nos</strong></span> <span class='ocrx_word' id='word_1_113' title='bbox 2386 1302 2651 1363; x_wconf 70' lang='lat' dir='ltr'><strong>elisiones</strong></span> <span class='ocrx_word' id='word_1_114' title='bbox 2678 1314 2800 1364; x_wconf 81' lang='lat' dir='ltr'><strong>tam</strong></span> 
     </span>
     <span class='ocr_line' id='line_1_14' title="bbox 346 1378 2801 1459; baseline 0.002 -22"><span class='ocrx_word' id='word_1_115' title='bbox 346 1381 546 1447; x_wconf 82' lang='lat' dir='ltr'><strong>duras,</strong></span> <span class='ocrx_word' id='word_1_116' title='bbox 567 1393 632 1439; x_wconf 94' lang='lat' dir='ltr'><strong>ut</strong></span> <span class='ocrx_word' id='word_1_117' title='bbox 651 1379 840 1439; x_wconf 87' lang='lat' dir='ltr'><strong>dicam</strong></span> <span class='ocrx_word' id='word_1_118' title='bbox 861 1381 1168 1450; x_wconf 64' lang='lat' dir='ltr'><strong>levissime,</strong></span> <span class='ocrx_word' id='word_1_119' title='bbox 1185 1400 1304 1437; x_wconf 87' lang='lat' dir='ltr'><strong>non</strong></span> <span class='ocrx_word' id='word_1_120' title='bbox 1321 1398 1691 1457; x_wconf 78' lang='lat' dir='ltr'><strong>agnoscnmus</strong></span> <span class='ocrx_word' id='word_1_121' title='bbox 1709 1378 1765 1435; x_wconf 89' lang='lat' dir='ltr'><strong>in</strong></span> <span class='ocrx_word' id='word_1_122' title='bbox 1786 1398 1847 1436; x_wconf 89' lang='lat' dir='ltr'><strong>re</strong></span> <span class='ocrx_word' id='word_1_123' title='bbox 1865 1378 2096 1437; x_wconf 66' lang='lat' dir='ltr'><strong>minime</strong></span> <span class='ocrx_word' id='word_1_124' title='bbox 2114 1379 2453 1439; x_wconf 70' lang='lat' dir='ltr'><strong>necessaria.</strong></span> <span class='ocrx_word' id='word_1_125' title='bbox 2485 1380 2801 1459; x_wconf 72' lang='lat' dir='ltr'><strong>Scripsisse</strong></span> 
     </span>
     <span class='ocr_line' id='line_1_15' title="bbox 349 1456 2799 1527; baseline 0.001 -10"><span class='ocrx_word' id='word_1_126' title='bbox 349 1456 696 1519; x_wconf 87' lang='lat' dir='ltr'><strong>Terentium</strong></span> <span class='ocrx_word' id='word_1_127' title='bbox 723 1460 836 1519; x_wconf 77' lang='lat' dir='ltr'><strong>Isti</strong></span> <span class='ocrx_word' id='word_1_128' title='bbox 860 1459 926 1518; x_wconf 80' lang='lat' dir='ltr'><strong>id</strong></span> <span class='ocrx_word' id='word_1_129' title='bbox 945 1460 1066 1519; x_wconf 80' lang='lat' dir='ltr'><strong>vitu</strong></span> <span class='ocrx_word' id='word_1_130' title='bbox 1103 1468 1292 1527; x_wconf 79' lang='lat' dir='ltr'><strong>erant,</strong></span> <span class='ocrx_word' id='word_1_131' title='bbox 1313 1471 1374 1517; x_wconf 88' lang='lat' dir='ltr'><strong>et</strong></span> <span class='ocrx_word' id='word_1_132' title='bbox 1397 1476 1595 1516; x_wconf 85' lang='lat' dir='ltr'><strong>versus</strong></span> <span class='ocrx_word' id='word_1_133' title='bbox 1618 1458 1849 1522; x_wconf 86' lang='lat' dir='ltr'><strong>clamat,</strong></span> <span class='ocrx_word' id='word_1_134' title='bbox 1873 1469 1934 1516; x_wconf 89' lang='lat' dir='ltr'><strong>et</strong></span> <span class='ocrx_word' id='word_1_135' title='bbox 1961 1458 2195 1517; x_wconf 88' lang='lat' dir='ltr'><strong>codices</strong></span> <span class='ocrx_word' id='word_1_136' title='bbox 2214 1458 2474 1518; x_wconf 87' lang='lat' dir='ltr'><strong>nonnulli</strong></span> <span class='ocrx_word' id='word_1_137' title='bbox 2491 1470 2799 1519; x_wconf 79' lang='lat' dir='ltr'><strong>testantur.</strong></span> 
     </span>
     <span class='ocr_line' id='line_1_16' title="bbox 349 1482 2581 1684; baseline 0.001 -89"><span class='ocrx_word' id='word_1_138' title='bbox 349 1534 495 1684; x_wconf 52' lang='lat' dir='ltr'><strong>Talg</strong></span> <span class='ocrx_word' id='word_1_139' title='bbox 519 1536 802 1675; x_wconf 59' lang='lat' dir='ltr'><strong>illlpdbest,</strong></span> <span class='ocrx_word' id='word_1_140' title='bbox 827 1538 992 1675; x_wconf 49' lang='lat' dir='ltr'><strong>ltprinod</strong></span> <span class='ocrx_word' id='word_1_141' title='bbox 1017 1482 1174 1597; x_wconf 56' lang='lat' dir='ltr'><strong>issem</strong></span> <span class='ocrx_word' id='word_1_142' title='bbox 1205 1539 1262 1595; x_wconf 89' lang='lat' dir='ltr'><strong>in</strong></span> <span class='ocrx_word' id='word_1_143' title='bbox 1295 1534 1571 1596; x_wconf 85' lang='lat' dir='ltr'><strong>Eunuchi</strong></span> <span class='ocrx_word' id='word_1_144' title='bbox 1600 1534 1792 1595; x_wconf 70' lang='lat' dir='ltr'><strong>Actus</strong></span> <span class='ocrx_word' id='word_1_145' title='bbox 1822 1536 1937 1593; x_wconf 86' lang='lat'><strong>111.</strong></span> <span class='ocrx_word' id='word_1_146' title='bbox 1964 1540 2143 1596; x_wconf 74' lang='lat' dir='ltr'><strong>scena</strong></span> <span class='ocrx_word' id='word_1_147' title='bbox 2168 1538 2253 1595; x_wconf 91' lang='lat'><strong>11.</strong></span> <span class='ocrx_word' id='word_1_148' title='bbox 2284 1556 2453 1597; x_wconf 87' lang='lat' dir='ltr'><strong>versu</strong></span> <span class='ocrx_word' id='word_1_149' title='bbox 2480 1538 2581 1600; x_wconf 85' lang='lat' dir='ltr'><strong>ino</strong></span> 
     </span>
     <span class='ocr_line' id='line_1_17' title="bbox 487 1618 1016 1687; baseline 0 -12"><span class='ocrx_word' id='word_1_150' title='bbox 487 1618 549 1675; x_wconf 81' lang='lat' dir='ltr'><strong>ui</strong></span> <span class='ocrx_word' id='word_1_151' title='bbox 609 1638 646 1675; x_wconf 87' lang='lat' dir='ltr'><strong>a</strong></span> <span class='ocrx_word' id='word_1_152' title='bbox 683 1625 738 1675; x_wconf 80' lang='lat' dir='ltr'><strong>et</strong></span> <span class='ocrx_word' id='word_1_153' title='bbox 763 1637 826 1675; x_wconf 80' lang='lat' dir='ltr'><strong>sa</strong></span> <span class='ocrx_word' id='word_1_154' title='bbox 939 1662 954 1687; x_wconf 92' lang='lat'><strong>,</strong></span> <span class='ocrx_word' id='word_1_155' title='bbox 1009 1668 1016 1675; x_wconf 85' lang='lat'><strong>.</strong></span> 
     </span>
    </p>

    <p class='ocr_par' dir='ltr' id='par_1_5' title="bbox 346 1691 2801 1850">
     <span class='ocr_line' id='line_1_18' title="bbox 377 1691 2801 1773; baseline 0 -18"><span class='ocrx_word' id='word_1_156' title='bbox 377 1720 388 1730; x_wconf 96' lang='lat'>·</span> <span class='ocrx_word' id='word_1_157' title='bbox 432 1695 600 1763; x_wconf 81' lang='lat' dir='ltr'><strong>Quod</strong></span> <span class='ocrx_word' id='word_1_158' title='bbox 621 1695 761 1753; x_wconf 80' lang='lat' dir='ltr'><strong>inte</strong></span> <span class='ocrx_word' id='word_1_159' title='bbox 785 1705 886 1763; x_wconf 84' lang='lat' dir='ltr'><strong>est,</strong></span> <span class='ocrx_word' id='word_1_160' title='bbox 916 1706 1240 1753; x_wconf 82' lang='lat' dir='ltr'><strong>extremam</strong></span> <span class='ocrx_word' id='word_1_161' title='bbox 1263 1694 1490 1754; x_wconf 83' lang='lat' dir='ltr'><strong>scilicet</strong></span> <span class='ocrx_word' id='word_1_162' title='bbox 1508 1691 1565 1749; x_wconf 90' lang='lat' dir='ltr'><strong>in</strong></span> <span class='ocrx_word' id='word_1_163' title='bbox 1590 1694 1741 1771; x_wconf 82' lang='lat' dir='ltr'><strong>quod</strong></span> <span class='ocrx_word' id='word_1_164' title='bbox 1765 1692 1901 1751; x_wconf 87' lang='lat' dir='ltr'><strong>elidi</strong></span> <span class='ocrx_word' id='word_1_165' title='bbox 1921 1692 2169 1765; x_wconf 85' lang='lat' dir='ltr'><strong>literam,</strong></span> <span class='ocrx_word' id='word_1_166' title='bbox 2194 1692 2291 1756; x_wconf 89' lang='lat' dir='ltr'><strong>ubi</strong></span> <span class='ocrx_word' id='word_1_167' title='bbox 2315 1696 2429 1765; x_wconf 81' lang='lat' dir='ltr'><strong>Qui</strong></span> <span class='ocrx_word' id='word_1_168' title='bbox 2442 1693 2801 1773; x_wconf 59' lang='lat' dir='ltr'><strong>legidcbere</strong></span> 
     </span>
     <span class='ocr_line' id='line_1_19' title="bbox 346 1772 1556 1850; baseline 0 -21"><span class='ocrx_word' id='word_1_169' title='bbox 346 1784 406 1829; x_wconf 90' lang='lat' dir='ltr'><strong>et</strong></span> <span class='ocrx_word' id='word_1_170' title='bbox 434 1792 636 1830; x_wconf 84' lang='lat' dir='ltr'><strong>versus</strong></span> <span class='ocrx_word' id='word_1_171' title='bbox 663 1784 726 1831; x_wconf 88' lang='lat' dir='ltr'><strong>et</strong></span> <span class='ocrx_word' id='word_1_172' title='bbox 751 1773 878 1850; x_wconf 87' lang='lat' dir='ltr'><strong>ipsa</strong></span> <span class='ocrx_word' id='word_1_173' title='bbox 901 1772 1188 1833; x_wconf 78' lang='lat' dir='ltr'><strong>Latinitas</strong></span> <span class='ocrx_word' id='word_1_174' title='bbox 1218 1772 1556 1832; x_wconf 87' lang='lat' dir='ltr'><strong>ostendunt.</strong></span> 
     </span>
    </p>

    <p class='ocr_par' dir='ltr' id='par_1_6' title="bbox 425 1848 1873 1941">
     <span class='ocr_line' id='line_1_20' title="bbox 425 1848 1873 1941; baseline -0.003 -31"><span class='ocrx_word' id='word_1_175' title='bbox 425 1850 572 1920; x_wconf 85' lang='lat' dir='ltr'><strong>Ubi,</strong></span> <span class='ocrx_word' id='word_1_176' title='bbox 612 1852 692 1909; x_wconf 83' lang='lat' dir='ltr'><strong>Ut</strong></span> <span class='ocrx_word' id='word_1_177' title='bbox 715 1852 1060 1929; x_wconf 78' lang='lat' dir='ltr'><strong>pernoscatis</strong></span> <span class='ocrx_word' id='word_1_178' title='bbox 1085 1861 1138 1910; x_wconf 75' lang='lat' dir='ltr'><strong>et</strong></span> <span class='ocrx_word' id='word_1_179' title='bbox 1166 1852 1308 1941; x_wconf 81' lang='lat' dir='ltr'><strong>quid</strong></span> <span class='ocrx_word' id='word_1_180' title='bbox 1329 1850 1450 1927; x_wconf 77' lang='lat' dir='ltr'><strong>spei</strong></span> <span class='ocrx_word' id='word_1_181' title='bbox 1473 1850 1547 1908; x_wconf 75' lang='lat' dir='ltr'><strong>sit</strong></span> <span class='ocrx_word' id='word_1_182' title='bbox 1576 1848 1873 1928; x_wconf 80' lang='lat' dir='ltr'><strong>reliquum.</strong></span> 
     </span>
    </p>

    <p class='ocr_par' dir='ltr' id='par_1_7' title="bbox 349 1927 2803 2165">
     <span class='ocr_line' id='line_1_21' title="bbox 430 1927 2796 2009; baseline 0.001 -23"><span class='ocrx_word' id='word_1_183' title='bbox 430 1928 560 1986; x_wconf 87' lang='lat' dir='ltr'><strong>Nos</strong></span> <span class='ocrx_word' id='word_1_184' title='bbox 599 1928 880 2005; x_wconf 87' lang='lat' dir='ltr'><strong>scriptum</strong></span> <span class='ocrx_word' id='word_1_185' title='bbox 919 1928 1098 1986; x_wconf 85' lang='lat' dir='ltr'><strong>fuisse</strong></span> <span class='ocrx_word' id='word_1_186' title='bbox 1135 1930 1402 1999; x_wconf 74' lang='lat' dir='ltr'><strong>dicimus,</strong></span> <span class='ocrx_word' id='word_1_187' title='bbox 1445 1928 1524 1987; x_wconf 76' lang='lat' dir='ltr'><strong>Ut</strong></span> <span class='ocrx_word' id='word_1_188' title='bbox 1551 1938 1607 1987; x_wconf 84' lang='lat' dir='ltr'><strong>et</strong></span> <span class='ocrx_word' id='word_1_189' title='bbox 1634 1928 1683 1986; x_wconf 81' lang='lat' dir='ltr'><strong>is</strong></span> <span class='ocrx_word' id='word_1_190' title='bbox 1702 1936 2023 2007; x_wconf 81' lang='lat' dir='ltr'><strong>pernoscat,</strong></span> <span class='ocrx_word' id='word_1_191' title='bbox 2052 1927 2195 2005; x_wconf 79' lang='lat' dir='ltr'><strong>quid</strong></span> <span class='ocrx_word' id='word_1_192' title='bbox 2217 1929 2336 2005; x_wconf 73' lang='lat' dir='ltr'><strong>spei</strong></span> <span class='ocrx_word' id='word_1_193' title='bbox 2374 1930 2449 1988; x_wconf 79' lang='lat' dir='ltr'><strong>sit</strong></span> <span class='ocrx_word' id='word_1_194' title='bbox 2476 1928 2751 2009; x_wconf 79' lang='lat' dir='ltr'><strong>reliquum</strong></span> <span class='ocrx_word' id='word_1_195' title='bbox 2768 1954 2796 1999; x_wconf 85' lang='lat'><strong>,-</strong></span> 
     </span>
     <span class='ocr_line' id='line_1_22' title="bbox 351 2004 2803 2085; baseline 0.001 -21"><span class='ocrx_word' id='word_1_196' title='bbox 351 2015 416 2065; x_wconf 85' lang='lat' dir='ltr'><strong>at</strong></span> <span class='ocrx_word' id='word_1_197' title='bbox 457 2024 534 2063; x_wconf 86' lang='lat' dir='ltr'><strong>ue</strong></span> <span class='ocrx_word' id='word_1_198' title='bbox 561 2004 729 2063; x_wconf 87' lang='lat' dir='ltr'><strong>aliter</strong></span> <span class='ocrx_word' id='word_1_199' title='bbox 767 2006 1066 2084; x_wconf 73' lang='lat' dir='ltr'><strong>scripsisse</strong></span> <span class='ocrx_word' id='word_1_200' title='bbox 1103 2006 1441 2065; x_wconf 85' lang='lat' dir='ltr'><strong>Terentium</strong></span> <span class='ocrx_word' id='word_1_201' title='bbox 1483 2006 1823 2084; x_wconf 84' lang='lat' dir='ltr'><strong>persuaderi</strong></span> <span class='ocrx_word' id='word_1_202' title='bbox 1862 2024 1979 2062; x_wconf 88' lang='lat' dir='ltr'><strong>non</strong></span> <span class='ocrx_word' id='word_1_203' title='bbox 2020 2016 2235 2081; x_wconf 86' lang='lat' dir='ltr'><strong>potest.</strong></span> <span class='ocrx_word' id='word_1_204' title='bbox 2314 2005 2385 2063; x_wconf 89' lang='lat' dir='ltr'><strong>Id</strong></span> <span class='ocrx_word' id='word_1_205' title='bbox 2424 2007 2599 2085; x_wconf 74' lang='lat' dir='ltr'><strong>porro</strong></span> <span class='ocrx_word' id='word_1_206' title='bbox 2636 2008 2803 2067; x_wconf 81' lang='lat' dir='ltr'><strong>loeus</strong></span> 
     </span>
     <span class='ocr_line' id='line_1_23' title="bbox 349 2026 2803 2165; baseline 0.002 -24"><span class='ocrx_word' id='word_1_207' title='bbox 349 2026 536 2143; x_wconf 42' lang='lat' dir='ltr'><strong>hafbet</strong></span> <span class='ocrx_word' id='word_1_208' title='bbox 565 2083 884 2153; x_wconf 84' lang='lat' dir='ltr'><strong>sententiae,</strong></span> <span class='ocrx_word' id='word_1_209' title='bbox 915 2084 1164 2142; x_wconf 87' lang='lat' dir='ltr'><strong>fabulam</strong></span> <span class='ocrx_word' id='word_1_210' title='bbox 1195 2104 1295 2143; x_wconf 85' lang='lat' dir='ltr'><strong>vos</strong></span> <span class='ocrx_word' id='word_1_211' title='bbox 1321 2084 1680 2163; x_wconf 82' lang='lat' dir='ltr'><strong>cognoscite,</strong></span> <span class='ocrx_word' id='word_1_212' title='bbox 1706 2096 1769 2141; x_wconf 92' lang='lat' dir='ltr'><strong>ut</strong></span> <span class='ocrx_word' id='word_1_213' title='bbox 1796 2096 1857 2143; x_wconf 88' lang='lat' dir='ltr'><strong>et</strong></span> <span class='ocrx_word' id='word_1_214' title='bbox 1885 2086 2060 2162; x_wconf 75' lang='lat' dir='ltr'><strong>poe&#39;ta</strong></span> <span class='ocrx_word' id='word_1_215' title='bbox 2080 2081 2413 2161; x_wconf 85' lang='lat' dir='ltr'><strong>perspicere</strong></span> <span class='ocrx_word' id='word_1_216' title='bbox 2432 2086 2635 2163; x_wconf 86' lang='lat' dir='ltr'><strong>possit,</strong></span> <span class='ocrx_word' id='word_1_217' title='bbox 2659 2086 2803 2165; x_wconf 84' lang='lat' dir='ltr'><strong>quid</strong></span> 
     </span>
    </p>

    <p class='ocr_par' dir='ltr' id='par_1_8' title="bbox 341 2161 2801 2476">
     <span class='ocr_line' id='line_1_24' title="bbox 351 2161 2799 2243; baseline 0.001 -22"><span class='ocrx_word' id='word_1_218' title='bbox 351 2161 469 2221; x_wconf 85' lang='lat' dir='ltr'><strong>sibi</strong></span> <span class='ocrx_word' id='word_1_219' title='bbox 496 2162 534 2218; x_wconf 70' lang='lat' dir='ltr'><strong>a</strong></span> <span class='ocrx_word' id='word_1_220' title='bbox 558 2162 718 2220; x_wconf 84' lang='lat' dir='ltr'><strong>vobis</strong></span> <span class='ocrx_word' id='word_1_221' title='bbox 756 2163 881 2240; x_wconf 87' lang='lat' dir='ltr'><strong>spei</strong></span> <span class='ocrx_word' id='word_1_222' title='bbox 921 2162 1282 2239; x_wconf 83' lang='lat' dir='ltr'><strong>relinquatur</strong></span> <span class='ocrx_word' id='word_1_223' title='bbox 1321 2162 1398 2221; x_wconf 91' lang='lat' dir='ltr'><strong>de</strong></span> <span class='ocrx_word' id='word_1_224' title='bbox 1437 2162 1742 2221; x_wconf 87' lang='lat' dir='ltr'><strong>comoediis</strong></span> <span class='ocrx_word' id='word_1_225' title='bbox 1779 2182 1925 2243; x_wconf 86' lang='lat' dir='ltr'><strong>quas</strong></span> <span class='ocrx_word' id='word_1_226' title='bbox 1970 2162 2030 2221; x_wconf 86' lang='lat' dir='ltr'><strong>in</strong></span> <span class='ocrx_word' id='word_1_227' title='bbox 2076 2174 2373 2239; x_wconf 88' lang='lat' dir='ltr'><strong>posterum</strong></span> <span class='ocrx_word' id='word_1_228' title='bbox 2420 2164 2669 2225; x_wconf 82' lang='lat' dir='ltr'><strong>scribet=</strong></span> <span class='ocrx_word' id='word_1_229' title='bbox 2722 2183 2799 2224; x_wconf 87' lang='lat' dir='ltr'><strong>an</strong></span> 
     </span>
     <span class='ocr_line' id='line_1_25' title="bbox 350 2236 2801 2321; baseline 0.002 -23"><span class='ocrx_word' id='word_1_230' title='bbox 350 2236 580 2300; x_wconf 88' lang='lat' dir='ltr'><strong>scilicet</strong></span> <span class='ocrx_word' id='word_1_231' title='bbox 607 2242 994 2319; x_wconf 84' lang='lat' dir='ltr'><strong>explodendae</strong></span> <span class='ocrx_word' id='word_1_232' title='bbox 1020 2242 1182 2299; x_wconf 86' lang='lat' dir='ltr'><strong>vobis</strong></span> <span class='ocrx_word' id='word_1_233' title='bbox 1209 2241 1374 2320; x_wconf 75' lang='lat' dir='ltr'><strong>prius</strong></span> <span class='ocrx_word' id='word_1_234' title='bbox 1399 2238 1535 2312; x_wconf 87' lang='lat' dir='ltr'><strong>sint,</strong></span> <span class='ocrx_word' id='word_1_235' title='bbox 1565 2242 1740 2320; x_wconf 71' lang='lat' dir='ltr'><strong>quam</strong></span> <span class='ocrx_word' id='word_1_236' title='bbox 1766 2240 2122 2319; x_wconf 82' lang='lat' dir='ltr'><strong>spectandae,</strong></span> <span class='ocrx_word' id='word_1_237' title='bbox 2147 2252 2326 2319; x_wconf 87' lang='lat' dir='ltr'><strong>atque</strong></span> <span class='ocrx_word' id='word_1_238' title='bbox 2354 2243 2801 2321; x_wconf 64' lang='lat' dir='ltr'><strong>cognoscendar-</strong></span> 
     </span>
     <span class='ocr_line' id='line_1_26' title="bbox 347 2318 2797 2399; baseline 0.002 -22"><span class='ocrx_word' id='word_1_239' title='bbox 347 2318 576 2379; x_wconf 83' lang='lat' dir='ltr'><strong>Praeter</strong></span> <span class='ocrx_word' id='word_1_240' title='bbox 601 2339 776 2399; x_wconf 89' lang='lat' dir='ltr'><strong>quem</strong></span> <span class='ocrx_word' id='word_1_241' title='bbox 803 2339 980 2379; x_wconf 91' lang='lat' dir='ltr'><strong>unum</strong></span> <span class='ocrx_word' id='word_1_242' title='bbox 1021 2319 1240 2391; x_wconf 89' lang='lat' dir='ltr'><strong>locum,</strong></span> <span class='ocrx_word' id='word_1_243' title='bbox 1269 2320 1318 2379; x_wconf 86' lang='lat' dir='ltr'><strong>si</strong></span> <span class='ocrx_word' id='word_1_244' title='bbox 1343 2318 1521 2378; x_wconf 89' lang='lat' dir='ltr'><strong>alium</strong></span> <span class='ocrx_word' id='word_1_245' title='bbox 1552 2319 1773 2377; x_wconf 91' lang='lat' dir='ltr'><strong>nullum</strong></span> <span class='ocrx_word' id='word_1_246' title='bbox 1812 2320 1873 2377; x_wconf 89' lang='lat' dir='ltr'><strong>in</strong></span> <span class='ocrx_word' id='word_1_247' title='bbox 1914 2338 2093 2399; x_wconf 88' lang='lat' dir='ltr'><strong>opere</strong></span> <span class='ocrx_word' id='word_1_248' title='bbox 2134 2331 2263 2378; x_wconf 90' lang='lat' dir='ltr'><strong>toto</strong></span> <span class='ocrx_word' id='word_1_249' title='bbox 2305 2322 2797 2395; x_wconf 70' lang='lat' dir='ltr'><strong>emendassemus,</strong></span> 
     </span>
     <span class='ocr_line' id='line_1_27' title="bbox 341 2394 2566 2476; baseline 0.002 -20"><span class='ocrx_word' id='word_1_250' title='bbox 341 2397 708 2458; x_wconf 81' lang='lat' dir='ltr'><strong>satisfactum</strong></span> <span class='ocrx_word' id='word_1_251' title='bbox 736 2410 798 2458; x_wconf 85' lang='lat' dir='ltr'><strong>et</strong></span> <span class='ocrx_word' id='word_1_252' title='bbox 825 2398 1012 2458; x_wconf 86' lang='lat' dir='ltr'><strong>officio</strong></span> <span class='ocrx_word' id='word_1_253' title='bbox 1039 2410 1262 2471; x_wconf 86' lang='lat' dir='ltr'><strong>nostro,</strong></span> <span class='ocrx_word' id='word_1_254' title='bbox 1293 2409 1357 2457; x_wconf 90' lang='lat' dir='ltr'><strong>et</strong></span> <span class='ocrx_word' id='word_1_255' title='bbox 1381 2396 1682 2456; x_wconf 90' lang='lat' dir='ltr'><strong>hominum</strong></span> <span class='ocrx_word' id='word_1_256' title='bbox 1710 2394 2135 2476; x_wconf 82' lang='lat' dir='ltr'><strong>exspectationi</strong></span> <span class='ocrx_word' id='word_1_257' title='bbox 2162 2410 2289 2459; x_wconf 83' lang='lat' dir='ltr'><strong>erat</strong></span> <span class='ocrx_word' id='word_1_258' title='bbox 2314 2399 2566 2461; x_wconf 87' lang='lat' dir='ltr'><strong>abunde.</strong></span> 
     </span>
    </p>

    <p class='ocr_par' dir='ltr' id='par_1_9' title="bbox 427 2477 1070 2555">
     <span class='ocr_line' id='line_1_28' title="bbox 427 2477 1070 2555; baseline -0.006 -18"><span class='ocrx_word' id='word_1_259' title='bbox 427 2477 547 2537; x_wconf 90' lang='lat' dir='ltr'><strong>Ubi</strong></span> <span class='ocrx_word' id='word_1_260' title='bbox 573 2477 635 2537; x_wconf 89' lang='lat' dir='ltr'><strong>in</strong></span> <span class='ocrx_word' id='word_1_261' title='bbox 659 2477 846 2555; x_wconf 68' lang='lat' dir='ltr'><strong>prima</strong></span> <span class='ocrx_word' id='word_1_262' title='bbox 871 2479 1070 2549; x_wconf 67' lang='lat' dir='ltr'><strong>scena,</strong></span> 
     </span>
    </p>

    <p class='ocr_par' dir='ltr' id='par_1_10' title="bbox 1119 2554 2021 2621">
     <span class='ocr_line' id='line_1_29' title="bbox 1119 2554 2021 2621; baseline 0 -17"><span class='ocrx_word' id='word_1_263' title='bbox 1119 2555 1368 2619; x_wconf 81' lang='lat' dir='ltr'><strong>Propterea</strong></span> <span class='ocrx_word' id='word_1_264' title='bbox 1388 2554 1506 2621; x_wconf 75' lang='lat' dir='ltr'><strong>quod</strong></span> <span class='ocrx_word' id='word_1_265' title='bbox 1530 2556 1752 2604; x_wconf 81' lang='lat' dir='ltr'><strong>serviebas</strong></span> <span class='ocrx_word' id='word_1_266' title='bbox 1771 2556 2021 2605; x_wconf 80' lang='lat' dir='ltr'><strong>liberaliter.</strong></span> 
     </span>
    </p>

    <p class='ocr_par' dir='ltr' id='par_1_11' title="bbox 340 2636 2799 2795">
     <span class='ocr_line' id='line_1_30' title="bbox 424 2636 2799 2717; baseline 0.001 -21"><span class='ocrx_word' id='word_1_267' title='bbox 424 2636 572 2711; x_wconf 87' lang='lat' dir='ltr'><strong>Nos,</strong></span> <span class='ocrx_word' id='word_1_268' title='bbox 597 2636 846 2699; x_wconf 73' lang='lat' dir='ltr'><strong>servibas</strong></span> <span class='ocrx_word' id='word_1_269' title='bbox 861 2664 888 2699; x_wconf 86' lang='lat'><strong>.-</strong></span> <span class='ocrx_word' id='word_1_270' title='bbox 918 2636 1152 2717; x_wconf 84' lang='lat' dir='ltr'><strong>generis</strong></span> <span class='ocrx_word' id='word_1_271' title='bbox 1180 2641 1308 2716; x_wconf 76' lang='lat' dir='ltr'><strong>eJus</strong></span> <span class='ocrx_word' id='word_1_272' title='bbox 1331 2649 1470 2697; x_wconf 89' lang='lat' dir='ltr'><strong>sunt</strong></span> <span class='ocrx_word' id='word_1_273' title='bbox 1487 2636 1715 2710; x_wconf 76' lang='lat' dir='ltr'><strong>scibam,</strong></span> <span class='ocrx_word' id='word_1_274' title='bbox 1737 2638 2033 2711; x_wconf 79' lang='lat' dir='ltr'><strong>nescibam,</strong></span> <span class='ocrx_word' id='word_1_275' title='bbox 2051 2638 2312 2698; x_wconf 78' lang='lat' dir='ltr'><strong>saevibam</strong></span> <span class='ocrx_word' id='word_1_276' title='bbox 2333 2664 2356 2699; x_wconf 87' lang='lat'><strong>.-</strong></span> <span class='ocrx_word' id='word_1_277' title='bbox 2382 2640 2663 2701; x_wconf 72' lang='lat' dir='ltr'><strong>serviebas</strong></span> <span class='ocrx_word' id='word_1_278' title='bbox 2680 2658 2799 2699; x_wconf 86' lang='lat' dir='ltr'><strong>non</strong></span> 
     </span>
     <span class='ocr_line' id='line_1_31' title="bbox 340 2716 814 2795; baseline 0.006 -20"><span class='ocrx_word' id='word_1_279' title='bbox 340 2716 567 2795; x_wconf 86' lang='lat' dir='ltr'><strong>patitur</strong></span> <span class='ocrx_word' id='word_1_280' title='bbox 591 2738 814 2778; x_wconf 80' lang='lat' dir='ltr'><strong>versus.</strong></span> 
     </span>
    </p>

    <p class='ocr_par' dir='ltr' id='par_1_12' title="bbox 425 2790 2318 2867">
     <span class='ocr_line' id='line_1_32' title="bbox 425 2790 2318 2867; baseline 0 -11"><span class='ocrx_word' id='word_1_281' title='bbox 425 2790 565 2865; x_wconf 82' lang='lat' dir='ltr'><strong>Ubi,</strong></span> <span class='ocrx_word' id='word_1_282' title='bbox 599 2798 717 2856; x_wconf 84' lang='lat' dir='ltr'><strong>Sed</strong></span> <span class='ocrx_word' id='word_1_283' title='bbox 738 2796 878 2856; x_wconf 69' lang='lat' dir='ltr'><strong>mihi</strong></span> <span class='ocrx_word' id='word_1_284' title='bbox 901 2794 1004 2855; x_wconf 70' lang='lat' dir='ltr'><strong>boc</strong></span> <span class='ocrx_word' id='word_1_285' title='bbox 1029 2794 1320 2855; x_wconf 78' lang='lat' dir='ltr'><strong>molestum</strong></span> <span class='ocrx_word' id='word_1_286' title='bbox 1346 2805 1431 2854; x_wconf 79' lang='lat' dir='ltr'><strong>est</strong></span> <span class='ocrx_word' id='word_1_287' title='bbox 1449 2820 1472 2855; x_wconf 84' lang='lat'><strong>.-</strong></span> <span class='ocrx_word' id='word_1_288' title='bbox 1515 2816 1647 2853; x_wconf 78' lang='lat' dir='ltr'><strong>nam</strong></span> <span class='ocrx_word' id='word_1_289' title='bbox 1672 2796 1830 2856; x_wconf 80' lang='lat' dir='ltr'><strong>istoec</strong></span> <span class='ocrx_word' id='word_1_290' title='bbox 1854 2797 2318 2867; x_wconf 71' lang='lat' dir='ltr'><strong>commemoratio,</strong></span> 
     </span>
    </p>

    <p class='ocr_par' dir='ltr' id='par_1_13' title="bbox 346 2870 2809 3031">
     <span class='ocr_line' id='line_1_33' title="bbox 433 2870 2796 2954; baseline 0.002 -22"><span class='ocrx_word' id='word_1_291' title='bbox 433 2870 614 2942; x_wconf 72' lang='lat' dir='ltr'><strong>Quasi</strong></span> <span class='ocrx_word' id='word_1_292' title='bbox 640 2874 996 2954; x_wconf 68' lang='lat' dir='ltr'><strong>eaprobratio</strong></span> <span class='ocrx_word' id='word_1_293' title='bbox 1021 2884 1100 2933; x_wconf 75' lang='lat' dir='ltr'><strong>est</strong></span> <span class='ocrx_word' id='word_1_294' title='bbox 1129 2874 1466 2933; x_wconf 81' lang='lat' dir='ltr'><strong>immemoris</strong></span> <span class='ocrx_word' id='word_1_295' title='bbox 1490 2874 1761 2951; x_wconf 65' lang='lat' dir='ltr'><strong>beneficii.</strong></span> <span class='ocrx_word' id='word_1_296' title='bbox 1820 2874 1964 2943; x_wconf 87' lang='lat' dir='ltr'><strong>Nos,</strong></span> <span class='ocrx_word' id='word_1_297' title='bbox 1992 2876 2109 2933; x_wconf 81' lang='lat' dir='ltr'><strong>Sed</strong></span> <span class='ocrx_word' id='word_1_298' title='bbox 2124 2872 2208 2933; x_wconf 63' lang='grc' dir='ltr'><strong>νηΐ</strong></span> <span class='ocrx_word' id='word_1_299' title='bbox 2229 2874 2331 2935; x_wconf 77' lang='lat' dir='ltr'><strong>hoc</strong></span> <span class='ocrx_word' id='word_1_300' title='bbox 2356 2874 2643 2935; x_wconf 73' lang='lat' dir='ltr'><strong>molestum</strong></span> <span class='ocrx_word' id='word_1_301' title='bbox 2668 2886 2751 2936; x_wconf 77' lang='lat' dir='ltr'><strong>est</strong></span> <span class='ocrx_word' id='word_1_302' title='bbox 2770 2901 2796 2945; x_wconf 81' lang='lat'><strong>,-</strong></span> 
     </span>
     <span class='ocr_line' id='line_1_34' title="bbox 346 2951 2809 3031; baseline 0.001 -22"><span class='ocrx_word' id='word_1_303' title='bbox 346 2972 484 3009; x_wconf 71' lang='lat' dir='ltr'><strong>nam</strong></span> <span class='ocrx_word' id='word_1_304' title='bbox 530 2952 688 3010; x_wconf 75' lang='lat' dir='ltr'><strong>istaec</strong></span> <span class='ocrx_word' id='word_1_305' title='bbox 739 2951 1182 3011; x_wconf 80' lang='lat' dir='ltr'><strong>commemoratio</strong></span> <span class='ocrx_word' id='word_1_306' title='bbox 1221 2960 1322 3023; x_wconf 78' lang='lat' dir='ltr'><strong>est,</strong></span> <span class='ocrx_word' id='word_1_307' title='bbox 1358 2952 1541 3019; x_wconf 78' lang='lat' dir='ltr'><strong>Quasi</strong></span> <span class='ocrx_word' id='word_1_308' title='bbox 1578 2952 1935 3029; x_wconf 70' lang='lat' dir='ltr'><strong>exprobratio</strong></span> <span class='ocrx_word' id='word_1_309' title='bbox 1972 2953 2307 3011; x_wconf 78' lang='lat' dir='ltr'><strong>immemoris</strong></span> <span class='ocrx_word' id='word_1_310' title='bbox 2347 2952 2614 3031; x_wconf 66' lang='lat' dir='ltr'><strong>benffcii.</strong></span> <span class='ocrx_word' id='word_1_311' title='bbox 2696 2953 2809 3013; x_wconf 76' lang='grc' dir='ltr'><strong>Μΐ</strong></span> 
     </span>
    </p>

    <p class='ocr_par' dir='ltr' id='par_1_14' title="bbox 400 3027 2800 3105">
     <span class='ocr_line' id='line_1_35' title="bbox 400 3027 2800 3105; baseline 0.002 -20"><span class='ocrx_word' id='word_1_312' title='bbox 400 3027 617 3085; x_wconf 86' lang='lat' dir='ltr'><strong>ostulat</strong></span> <span class='ocrx_word' id='word_1_313' title='bbox 643 3047 876 3097; x_wconf 65' lang='lat' dir='ltr'><strong>versu-«³3</strong></span> <span class='ocrx_word' id='word_1_314' title='bbox 915 3047 988 3087; x_wconf 89' lang='lat' dir='ltr'><strong>eo</strong></span> <span class='ocrx_word' id='word_1_315' title='bbox 1017 3041 1077 3086; x_wconf 89' lang='lat' dir='ltr'><strong>et</strong></span> <span class='ocrx_word' id='word_1_316' title='bbox 1101 3028 1296 3087; x_wconf 87' lang='lat' dir='ltr'><strong>multis</strong></span> <span class='ocrx_word' id='word_1_317' title='bbox 1323 3030 1445 3089; x_wconf 85' lang='lat' dir='ltr'><strong>aliis</strong></span> <span class='ocrx_word' id='word_1_318' title='bbox 1471 3030 1617 3089; x_wconf 88' lang='lat' dir='ltr'><strong>locis</strong></span> <span class='ocrx_word' id='word_1_319' title='bbox 1646 3029 1829 3088; x_wconf 91' lang='lat' dir='ltr'><strong>utitur</strong></span> <span class='ocrx_word' id='word_1_320' title='bbox 1856 3028 2185 3105; x_wconf 81' lang='lat' dir='ltr'><strong>Terentius,</strong></span> <span class='ocrx_word' id='word_1_321' title='bbox 2229 3048 2366 3086; x_wconf 87' lang='lat' dir='ltr'><strong>usus</strong></span> <span class='ocrx_word' id='word_1_322' title='bbox 2405 3042 2579 3087; x_wconf 87' lang='lat' dir='ltr'><strong>antea</strong></span> <span class='ocrx_word' id='word_1_323' title='bbox 2602 3028 2800 3090; x_wconf 86' lang='lat' dir='ltr'><strong>fuerat</strong></span> 
     </span>
    </p>

    <p class='ocr_par' dir='ltr' id='par_1_15' title="bbox 346 3105 2800 3321">
     <span class='ocr_line' id='line_1_36' title="bbox 411 3105 2800 3185; baseline 0.002 -24"><span class='ocrx_word' id='word_1_324' title='bbox 411 3105 628 3175; x_wconf 86' lang='lat' dir='ltr'><strong>lautus,</strong></span> <span class='ocrx_word' id='word_1_325' title='bbox 658 3105 744 3163; x_wconf 85' lang='lat' dir='ltr'><strong>usi</strong></span> <span class='ocrx_word' id='word_1_326' title='bbox 771 3118 906 3163; x_wconf 85' lang='lat' dir='ltr'><strong>sunt</strong></span> <span class='ocrx_word' id='word_1_327' title='bbox 931 3117 1134 3183; x_wconf 85' lang='lat' dir='ltr'><strong>postea</strong></span> <span class='ocrx_word' id='word_1_328' title='bbox 1159 3106 1436 3185; x_wconf 86' lang='lat' dir='ltr'><strong>Virgilius</strong></span> <span class='ocrx_word' id='word_1_329' title='bbox 1463 3120 1522 3167; x_wconf 89' lang='lat' dir='ltr'><strong>et</strong></span> <span class='ocrx_word' id='word_1_330' title='bbox 1557 3109 1861 3167; x_wconf 84' lang='lat' dir='ltr'><strong>Horatius.</strong></span> <span class='ocrx_word' id='word_1_331' title='bbox 1940 3108 2071 3172; x_wconf 81' lang='lat' dir='ltr'><strong>Est,</strong></span> <span class='ocrx_word' id='word_1_332' title='bbox 2100 3106 2257 3183; x_wconf 90' lang='lat' dir='ltr'><strong>quod</strong></span> <span class='ocrx_word' id='word_1_333' title='bbox 2285 3106 2343 3162; x_wconf 85' lang='lat' dir='ltr'><strong>in</strong></span> <span class='ocrx_word' id='word_1_334' title='bbox 2373 3106 2581 3183; x_wconf 87' lang='lat' dir='ltr'><strong>prioris</strong></span> <span class='ocrx_word' id='word_1_335' title='bbox 2602 3107 2800 3166; x_wconf 69' lang='lat' dir='ltr'><strong>versus</strong></span> 
     </span>
     <span class='ocr_line' id='line_1_37' title="bbox 349 3182 2799 3265; baseline 0.003 -24"><span class='ocrx_word' id='word_1_336' title='bbox 349 3182 472 3241; x_wconf 84' lang='lat' dir='ltr'><strong>fine</strong></span> <span class='ocrx_word' id='word_1_337' title='bbox 512 3182 896 3261; x_wconf 85' lang='lat' dir='ltr'><strong>posuerimus,</strong></span> <span class='ocrx_word' id='word_1_338' title='bbox 935 3183 1080 3243; x_wconf 72' lang='lat' dir='ltr'><strong>fecit</strong></span> <span class='ocrx_word' id='word_1_339' title='bbox 1115 3184 1294 3243; x_wconf 83' lang='lat' dir='ltr'><strong>series</strong></span> <span class='ocrx_word' id='word_1_340' title='bbox 1329 3188 1639 3246; x_wconf 83' lang='lat' dir='ltr'><strong>verborum</strong></span> <span class='ocrx_word' id='word_1_341' title='bbox 1680 3186 1989 3246; x_wconf 86' lang='lat' dir='ltr'><strong>naturalis:</strong></span> <span class='ocrx_word' id='word_1_342' title='bbox 2031 3184 2115 3243; x_wconf 89' lang='lat' dir='ltr'><strong>ita</strong></span> <span class='ocrx_word' id='word_1_343' title='bbox 2155 3182 2409 3263; x_wconf 60' lang='lat' dir='ltr'><strong>benficii</strong></span> <span class='ocrx_word' id='word_1_344' title='bbox 2446 3184 2799 3265; x_wconf 77' lang='lat' dir='ltr'><strong>syllabarum</strong></span> 
     </span>
     <span class='ocr_line' id='line_1_38' title="bbox 346 3259 928 3321; baseline 0.002 -1"><span class='ocrx_word' id='word_1_345' title='bbox 346 3259 492 3320; x_wconf 82' lang='lat' dir='ltr'><strong>nibil</strong></span> <span class='ocrx_word' id='word_1_346' title='bbox 521 3261 884 3321; x_wconf 85' lang='lat' dir='ltr'><strong>detrahetur.</strong></span> <span class='ocrx_word' id='word_1_347' title='bbox 919 3270 928 3279; x_wconf 85' lang='grc'><em>“</em></span> 
     </span>
    </p>

    <p class='ocr_par' dir='ltr' id='par_1_16' title="bbox 426 3340 2029 3422">
     <span class='ocr_line' id='line_1_39' title="bbox 426 3340 2029 3422; baseline 0 -21"><span class='ocrx_word' id='word_1_348' title='bbox 426 3340 572 3415; x_wconf 89' lang='lat' dir='ltr'><strong>Ubi,</strong></span> <span class='ocrx_word' id='word_1_349' title='bbox 597 3342 680 3401; x_wconf 87' lang='lat' dir='ltr'><strong>Id</strong></span> <span class='ocrx_word' id='word_1_350' title='bbox 691 3342 1128 3422; x_wconf 77' lang='lat' dir='ltr'><strong>gratumsuisse</strong></span> <span class='ocrx_word' id='word_1_351' title='bbox 1151 3342 1448 3405; x_wconf 58' lang='lat' dir='ltr'><strong>adversam</strong></span> <span class='ocrx_word' id='word_1_352' title='bbox 1480 3353 1534 3404; x_wconf 75' lang='lat' dir='ltr'><strong>te</strong></span> <span class='ocrx_word' id='word_1_353' title='bbox 1560 3344 1735 3405; x_wconf 73' lang='lat' dir='ltr'><strong>habeo</strong></span> <span class='ocrx_word' id='word_1_354' title='bbox 1800 3345 2029 3404; x_wconf 77' lang='lat' dir='ltr'><strong>ratium.</strong></span> 
     </span>
    </p>

    <p class='ocr_par' dir='ltr' id='par_1_17' title="bbox 343 3420 2801 3715">
     <span class='ocr_line' id='line_1_40' title="bbox 425 3420 2799 3501; baseline 0.003 -22"><span class='ocrx_word' id='word_1_355' title='bbox 425 3420 478 3479; x_wconf 91' lang='lat' dir='ltr'>N</span> <span class='ocrx_word' id='word_1_356' title='bbox 487 3428 589 3491; x_wconf 77' lang='lat' dir='ltr'><strong>os,‘</strong></span> <span class='ocrx_word' id='word_1_357' title='bbox 605 3421 849 3480; x_wconf 79' lang='lat' dir='ltr'><strong>Gratum</strong></span> <span class='ocrx_word' id='word_1_358' title='bbox 876 3422 942 3480; x_wconf 82' lang='lat' dir='ltr'><strong>id</strong></span> <span class='ocrx_word' id='word_1_359' title='bbox 935 3423 1137 3499; x_wconf 77' lang='lat' dir='ltr'><strong>fuisse</strong></span> <span class='ocrx_word' id='word_1_360' title='bbox 1152 3444 1172 3478; x_wconf 87' lang='grc'><strong>.-</strong></span> <span class='ocrx_word' id='word_1_361' title='bbox 1205 3433 1267 3481; x_wconf 89' lang='lat' dir='ltr'><strong>et</strong></span> <span class='ocrx_word' id='word_1_362' title='bbox 1292 3423 1492 3483; x_wconf 86' lang='lat' dir='ltr'><strong>nescio</strong></span> <span class='ocrx_word' id='word_1_363' title='bbox 1519 3441 1737 3501; x_wconf 88' lang='lat' dir='ltr'><strong>quomo</strong></span> <span class='ocrx_word' id='word_1_364' title='bbox 1782 3443 1815 3482; x_wconf 94' lang='grc' dir='ltr'>ο</span> <span class='ocrx_word' id='word_1_365' title='bbox 1843 3423 2027 3501; x_wconf 88' lang='lat' dir='ltr'><strong>magis</strong></span> <span class='ocrx_word' id='word_1_366' title='bbox 2046 3423 2244 3501; x_wconf 85' lang='lat' dir='ltr'><strong>placet</strong></span> <span class='ocrx_word' id='word_1_367' title='bbox 2264 3422 2500 3485; x_wconf 83' lang='lat' dir='ltr'><strong>auribus</strong></span> <span class='ocrx_word' id='word_1_368' title='bbox 2520 3423 2765 3489; x_wconf 87' lang='lat' dir='ltr'><strong>eruditis</strong></span> <span class='ocrx_word' id='word_1_369' title='bbox 2780 3448 2799 3485; x_wconf 72' lang='lat' dir='ltr'>x</span> 
     </span>
     <span class='ocr_line' id='line_1_41' title="bbox 343 3496 2801 3580; baseline 0.002 -25"><span class='ocrx_word' id='word_1_370' title='bbox 343 3497 573 3568; x_wconf 88' lang='lat' dir='ltr'><strong>omitto,</strong></span> <span class='ocrx_word' id='word_1_371' title='bbox 613 3498 677 3556; x_wconf 92' lang='lat' dir='ltr'><strong>id</strong></span> <span class='ocrx_word' id='word_1_372' title='bbox 717 3519 952 3578; x_wconf 89' lang='lat' dir='ltr'><strong>quoque</strong></span> <span class='ocrx_word' id='word_1_373' title='bbox 991 3518 1222 3559; x_wconf 84' lang='lat' dir='ltr'><strong>versum</strong></span> <span class='ocrx_word' id='word_1_374' title='bbox 1263 3502 1583 3579; x_wconf 88' lang='lat' dir='ltr'><strong>postulare.</strong></span> <span class='ocrx_word' id='word_1_375' title='bbox 1666 3503 1873 3580; x_wconf 86' lang='lat' dir='ltr'><strong>Neque</strong></span> <span class='ocrx_word' id='word_1_376' title='bbox 1901 3496 2035 3561; x_wconf 66' lang='lat' dir='ltr'><strong>vero</strong></span> <span class='ocrx_word' id='word_1_377' title='bbox 2061 3501 2267 3562; x_wconf 87' lang='lat' dir='ltr'><strong>dubito</strong></span> <span class='ocrx_word' id='word_1_378' title='bbox 2294 3502 2433 3580; x_wconf 88' lang='lat' dir='ltr'><strong>quin</strong></span> <span class='ocrx_word' id='word_1_379' title='bbox 2448 3504 2648 3580; x_wconf 74' lang='lat' dir='ltr'><strong>fiisse</strong></span> <span class='ocrx_word' id='word_1_380' title='bbox 2670 3503 2801 3562; x_wconf 87' lang='lat' dir='ltr'><strong>fieri</strong></span> 
     </span>
     <span class='ocr_line' id='line_1_42' title="bbox 343 3574 2801 3713; baseline 0.002 -78"><span class='ocrx_word' id='word_1_381' title='bbox 343 3574 723 3713; x_wconf 67' lang='lat' dir='ltr'><strong>dissyllabtlim</strong></span> <span class='ocrx_word' id='word_1_382' title='bbox 764 3578 950 3656; x_wconf 86' lang='lat' dir='ltr'><strong>magis</strong></span> <span class='ocrx_word' id='word_1_383' title='bbox 986 3577 1057 3637; x_wconf 84' lang='lat' dir='ltr'><strong>iis</strong></span> <span class='ocrx_word' id='word_1_384' title='bbox 1095 3579 1349 3657; x_wconf 87' lang='lat' dir='ltr'><strong>placeat,</strong></span> <span class='ocrx_word' id='word_1_385' title='bbox 1392 3579 1494 3659; x_wconf 90' lang='lat' dir='ltr'><strong>qui</strong></span> <span class='ocrx_word' id='word_1_386' title='bbox 1533 3579 1673 3639; x_wconf 76' lang='lat' dir='ltr'><strong>cum</strong></span> <span class='ocrx_word' id='word_1_387' title='bbox 1712 3598 1883 3642; x_wconf 84' lang='lat' dir='ltr'><strong>aures</strong></span> <span class='ocrx_word' id='word_1_388' title='bbox 1921 3598 2038 3639; x_wconf 87' lang='lat' dir='ltr'><strong>non</strong></span> <span class='ocrx_word' id='word_1_389' title='bbox 2066 3580 2341 3652; x_wconf 81' lang='lat' dir='ltr'><strong>habeant,</strong></span> <span class='ocrx_word' id='word_1_390' title='bbox 2376 3600 2504 3643; x_wconf 83' lang='lat' dir='ltr'><strong>esse</strong></span> <span class='ocrx_word' id='word_1_391' title='bbox 2532 3580 2801 3659; x_wconf 64' lang='lat' dir='ltr'><strong>religiose</strong></span> 
     </span>
     <span class='ocr_line' id='line_1_43' title="bbox 343 3667 2787 3715; baseline 0.001 -3"><span class='ocrx_word' id='word_1_392' title='bbox 343 3672 440 3713; x_wconf 86' lang='lat' dir='ltr'><strong>me</strong></span> <span class='ocrx_word' id='word_1_393' title='bbox 482 3668 528 3712; x_wconf 79' lang='lat' dir='ltr'><strong>tl</strong></span> <span class='ocrx_word' id='word_1_394' title='bbox 555 3675 630 3714; x_wconf 82' lang='lat' dir='ltr'><strong>vo</strong></span> <span class='ocrx_word' id='word_1_395' title='bbox 655 3667 782 3714; x_wconf 92' lang='lat' dir='ltr'><strong>unt.</strong></span> <span class='ocrx_word' id='word_1_396' title='bbox 2386 3700 2391 3705; x_wconf 85' lang='lat'>-</span> <span class='ocrx_word' id='word_1_397' title='bbox 2782 3708 2787 3715; x_wconf 84' lang='lat'><strong>.</strong></span> 
     </span>
    </p>

    <p class='ocr_par' dir='ltr' id='par_1_18' title="bbox 427 3675 2183 3817">
     <span class='ocr_line' id='line_1_44' title="bbox 427 3675 2183 3817; baseline 0 -22"><span class='ocrx_word' id='word_1_398' title='bbox 427 3675 572 3803; x_wconf 67' lang='lat' dir='ltr'><strong>Ubi,</strong></span> <span class='ocrx_word' id='word_1_399' title='bbox 599 3735 954 3813; x_wconf 70' lang='lat' dir='ltr'><strong>Itaficiam.</strong></span> <span class='ocrx_word' id='word_1_400' title='bbox 1039 3736 1174 3796; x_wconf 89' lang='lat' dir='ltr'><strong>Hoc</strong></span> <span class='ocrx_word' id='word_1_401' title='bbox 1193 3735 1442 3815; x_wconf 64' lang='lat' dir='ltr'><strong>primam</strong></span> <span class='ocrx_word' id='word_1_402' title='bbox 1473 3738 1535 3797; x_wconf 81' lang='lat' dir='ltr'><strong>in</strong></span> <span class='ocrx_word' id='word_1_403' title='bbox 1562 3736 1669 3797; x_wconf 72' lang='lat' dir='ltr'><strong>ha&#39;c</strong></span> <span class='ocrx_word' id='word_1_404' title='bbox 1694 3757 1760 3795; x_wconf 81' lang='lat' dir='ltr'><strong>re</strong></span> <span class='ocrx_word' id='word_1_405' title='bbox 1773 3738 2037 3817; x_wconf 79' lang='lat' dir='ltr'><strong>praedico</strong></span> <span class='ocrx_word' id='word_1_406' title='bbox 2062 3738 2183 3797; x_wconf 78' lang='lat' dir='ltr'><strong>tibi.</strong></span> 
     </span>
    </p>

    <p class='ocr_par' dir='ltr' id='par_1_19' title="bbox 428 3812 2115 3892">
     <span class='ocr_line' id='line_1_45' title="bbox 428 3812 2115 3892; baseline 0.002 -23"><span class='ocrx_word' id='word_1_407' title='bbox 428 3812 577 3882; x_wconf 86' lang='lat' dir='ltr'><strong>Nos,</strong></span> <span class='ocrx_word' id='word_1_408' title='bbox 597 3814 674 3871; x_wconf 81' lang='lat' dir='ltr'><strong>In</strong></span> <span class='ocrx_word' id='word_1_409' title='bbox 701 3833 766 3871; x_wconf 85' lang='lat' dir='ltr'><strong>re</strong></span> <span class='ocrx_word' id='word_1_410' title='bbox 790 3812 896 3871; x_wconf 77' lang='grc' dir='ltr'><strong>Ιιᾶσ</strong></span> <span class='ocrx_word' id='word_1_411' title='bbox 916 3837 940 3872; x_wconf 90' lang='grc'><strong>.·</strong></span> <span class='ocrx_word' id='word_1_412' title='bbox 983 3812 1139 3891; x_wconf 70' lang='lat' dir='ltr'><strong>quod</strong></span> <span class='ocrx_word' id='word_1_413' title='bbox 1167 3814 1335 3875; x_wconf 89' lang='lat' dir='ltr'><strong>aliter</strong></span> <span class='ocrx_word' id='word_1_414' title='bbox 1361 3826 1516 3875; x_wconf 86' lang='lat' dir='ltr'><strong>stare</strong></span> <span class='ocrx_word' id='word_1_415' title='bbox 1542 3834 1662 3873; x_wconf 87' lang='lat' dir='ltr'><strong>non</strong></span> <span class='ocrx_word' id='word_1_416' title='bbox 1688 3816 1870 3892; x_wconf 85' lang='lat' dir='ltr'><strong>possit</strong></span> <span class='ocrx_word' id='word_1_417' title='bbox 1895 3832 2115 3874; x_wconf 79' lang='lat' dir='ltr'><strong>versus.</strong></span> 
     </span>
    </p>

    <p class='ocr_par' dir='ltr' id='par_1_20' title="bbox 431 3888 1949 3970">
     <span class='ocr_line' id='line_1_46' title="bbox 431 3888 1949 3970; baseline 0 -21"><span class='ocrx_word' id='word_1_418' title='bbox 431 3888 573 3959; x_wconf 88' lang='lat' dir='ltr'><strong>Ubi,</strong></span> <span class='ocrx_word' id='word_1_419' title='bbox 600 3888 868 3949; x_wconf 52' lang='lat' dir='ltr'><strong>Liberius</strong></span> <span class='ocrx_word' id='word_1_420' title='bbox 893 3892 1124 3951; x_wconf 76' lang='lat' dir='ltr'><strong>vivendi</strong></span> <span class='ocrx_word' id='word_1_421' title='bbox 1123 3894 1257 3970; x_wconf 57' lang='lat' dir='ltr'><strong>filit</strong></span> <span class='ocrx_word' id='word_1_422' title='bbox 1281 3903 1530 3969; x_wconf 78' lang='lat' dir='ltr'><strong>potestas</strong></span> <span class='ocrx_word' id='word_1_423' title='bbox 1550 3918 1573 3954; x_wconf 90' lang='lat'><strong>.·</strong></span> <span class='ocrx_word' id='word_1_424' title='bbox 1600 3914 1733 3951; x_wconf 79' lang='lat' dir='ltr'><strong>nam</strong></span> <span class='ocrx_word' id='word_1_425' title='bbox 1758 3902 1949 3955; x_wconf 75' lang='lat' dir='ltr'><strong>antea.</strong></span> 
     </span>
    </p>

    <p class='ocr_par' dir='ltr' id='par_1_21' title="bbox 431 3966 2799 4055">
     <span class='ocr_line' id='line_1_47' title="bbox 431 3966 2799 4055; baseline 0.003 -28"><span class='ocrx_word' id='word_1_426' title='bbox 431 3966 521 4027; x_wconf 90' lang='lat' dir='ltr'><strong>Ut</strong></span> <span class='ocrx_word' id='word_1_427' title='bbox 544 3966 738 4025; x_wconf 70' lang='lat' dir='ltr'><strong>versus</strong></span> <span class='ocrx_word' id='word_1_428' title='bbox 765 3969 914 4031; x_wconf 83' lang='lat' dir='ltr'><strong>ratio</strong></span> <span class='ocrx_word' id='word_1_429' title='bbox 939 3968 1246 4040; x_wconf 84' lang='lat' dir='ltr'><strong>habeatur,</strong></span> <span class='ocrx_word' id='word_1_430' title='bbox 1274 3971 1412 4029; x_wconf 88' lang='lat' dir='ltr'><strong>elidi</strong></span> <span class='ocrx_word' id='word_1_431' title='bbox 1435 3972 1713 4031; x_wconf 87' lang='lat' dir='ltr'><strong>Erasmus</strong></span> <span class='ocrx_word' id='word_1_432' title='bbox 1737 3970 1799 4028; x_wconf 88' lang='lat' dir='ltr'><strong>in</strong></span> <span class='ocrx_word' id='word_1_433' title='bbox 1825 3971 2051 4031; x_wconf 78' lang='lat' dir='ltr'><strong>vivendi</strong></span> <span class='ocrx_word' id='word_1_434' title='bbox 2069 3992 2107 4031; x_wconf 82' lang='lat' dir='ltr'><strong>u</strong></span> <span class='ocrx_word' id='word_1_435' title='bbox 2128 3971 2313 4031; x_wconf 84' lang='lat' dir='ltr'><strong>voluit</strong></span> <span class='ocrx_word' id='word_1_436' title='bbox 2333 3990 2535 4045; x_wconf 89' lang='lat' dir='ltr'><strong>unum,</strong></span> <span class='ocrx_word' id='word_1_437' title='bbox 2552 3973 2799 4055; x_wconf 86' lang='lat' dir='ltr'><strong>fierique</strong></span> 
     </span>
    </p>

    <p class='ocr_par' dir='ltr' id='par_1_22' title="bbox 313 4042 2801 4518">
     <span class='ocr_line' id='line_1_48' title="bbox 313 4042 2799 4140; baseline 0.003 -39"><span class='ocrx_word' id='word_1_438' title='bbox 313 4042 464 4121; x_wconf 61' lang='lat' dir='ltr'><strong>ficit</strong></span> <span class='ocrx_word' id='word_1_439' title='bbox 491 4046 968 4125; x_wconf 82' lang='lat' dir='ltr'><strong>monosyllabum.</strong></span> <span class='ocrx_word' id='word_1_440' title='bbox 1049 4048 1174 4107; x_wconf 86' lang='lat' dir='ltr'><strong>Nos</strong></span> <span class='ocrx_word' id='word_1_441' title='bbox 1203 4060 1270 4107; x_wconf 88' lang='lat' dir='ltr'><strong>ut</strong></span> <span class='ocrx_word' id='word_1_442' title='bbox 1294 4068 1422 4107; x_wconf 87' lang='lat' dir='ltr'><strong>esse</strong></span> <span class='ocrx_word' id='word_1_443' title='bbox 1419 4050 1581 4127; x_wconf 70' lang='lat' dir='ltr'><strong>ficit,</strong></span> <span class='ocrx_word' id='word_1_444' title='bbox 1609 4049 1889 4140; x_wconf 81' lang='lat' dir='ltr'><strong>syllabam</strong></span> <span class='ocrx_word' id='word_1_445' title='bbox 1919 4067 2093 4106; x_wconf 88' lang='lat' dir='ltr'><strong>unam</strong></span> <span class='ocrx_word' id='word_1_446' title='bbox 2120 4052 2279 4128; x_wconf 86' lang='lat' dir='ltr'><strong>apud</strong></span> <span class='ocrx_word' id='word_1_447' title='bbox 2307 4050 2465 4111; x_wconf 90' lang='lat' dir='ltr'><strong>hunc</strong></span> <span class='ocrx_word' id='word_1_448' title='bbox 2492 4054 2799 4112; x_wconf 87' lang='lat' dir='ltr'><strong>authorem</strong></span> 
     </span>
     <span class='ocr_line' id='line_1_49' title="bbox 341 4120 2797 4207; baseline 0.003 -28"><span class='ocrx_word' id='word_1_449' title='bbox 341 4121 510 4180; x_wconf 88' lang='lat' dir='ltr'><strong>mille</strong></span> <span class='ocrx_word' id='word_1_450' title='bbox 537 4120 682 4181; x_wconf 83' lang='lat' dir='ltr'><strong>locis</strong></span> <span class='ocrx_word' id='word_1_451' title='bbox 707 4124 940 4197; x_wconf 87' lang='lat' dir='ltr'><strong>scimus,</strong></span> <span class='ocrx_word' id='word_1_452' title='bbox 969 4123 1052 4184; x_wconf 88' lang='lat' dir='ltr'><strong>ita</strong></span> <span class='ocrx_word' id='word_1_453' title='bbox 1079 4125 1205 4185; x_wconf 84' lang='lat' dir='ltr'><strong>illas</strong></span> <span class='ocrx_word' id='word_1_454' title='bbox 1231 4126 1290 4184; x_wconf 89' lang='lat' dir='ltr'><strong>in</strong></span> <span class='ocrx_word' id='word_1_455' title='bbox 1317 4127 1542 4187; x_wconf 74' lang='lat' dir='ltr'><strong>vivendi</strong></span> <span class='ocrx_word' id='word_1_456' title='bbox 1580 4128 1849 4187; x_wconf 79' lang='lat' dir='ltr'><strong>elisiones</strong></span> <span class='ocrx_word' id='word_1_457' title='bbox 1876 4126 2048 4203; x_wconf 74' lang='lat' dir='ltr'><strong>(pene</strong></span> <span class='ocrx_word' id='word_1_458' title='bbox 2088 4129 2433 4207; x_wconf 85' lang='lat' dir='ltr'><strong>scripseram</strong></span> <span class='ocrx_word' id='word_1_459' title='bbox 2474 4131 2797 4199; x_wconf 86' lang='lat' dir='ltr'><strong>illusiones)</strong></span> 
     </span>
     <span class='ocr_line' id='line_1_50' title="bbox 339 4198 2799 4291; baseline 0.003 -35"><span class='ocrx_word' id='word_1_460' title='bbox 339 4198 492 4271; x_wconf 86' lang='lat' dir='ltr'><strong>illas,</strong></span> <span class='ocrx_word' id='word_1_461' title='bbox 522 4199 784 4291; x_wconf 88' lang='lat' dir='ltr'><strong>inquam,</strong></span> <span class='ocrx_word' id='word_1_462' title='bbox 809 4202 1077 4263; x_wconf 84' lang='lat' dir='ltr'><strong>elisiones</strong></span> <span class='ocrx_word' id='word_1_463' title='bbox 1103 4223 1224 4262; x_wconf 89' lang='lat' dir='ltr'><strong>non</strong></span> <span class='ocrx_word' id='word_1_464' title='bbox 1251 4204 1655 4283; x_wconf 77' lang='lat' dir='ltr'><strong>agnoscimus3</strong></span> <span class='ocrx_word' id='word_1_465' title='bbox 1696 4206 1833 4263; x_wconf 73' lang='lat' dir='ltr'><strong>cum</strong></span> <span class='ocrx_word' id='word_1_466' title='bbox 1872 4207 2193 4282; x_wconf 79' lang='lat' dir='ltr'><strong>praesertim</strong></span> <span class='ocrx_word' id='word_1_467' title='bbox 2234 4218 2353 4266; x_wconf 87' lang='lat' dir='ltr'><strong>tam</strong></span> <span class='ocrx_word' id='word_1_468' title='bbox 2380 4216 2509 4268; x_wconf 85' lang='lat' dir='ltr'><strong>e‘sse</strong></span> <span class='ocrx_word' id='word_1_469' title='bbox 2537 4206 2799 4281; x_wconf 73' lang='lat' dir='ltr'><strong>ingenio·</strong></span> 
     </span>
     <span class='ocr_line' id='line_1_51' title="bbox 337 4277 2801 4362; baseline 0.002 -28"><span class='ocrx_word' id='word_1_470' title='bbox 337 4296 470 4335; x_wconf 83' lang='lat' dir='ltr'><strong>sum</strong></span> <span class='ocrx_word' id='word_1_471' title='bbox 501 4278 646 4336; x_wconf 77' lang='lat' dir='ltr'><strong>nih11</strong></span> <span class='ocrx_word' id='word_1_472' title='bbox 673 4277 751 4338; x_wconf 88' lang='lat' dir='ltr'><strong>sit</strong></span> <span class='ocrx_word' id='word_1_473' title='bbox 777 4300 1033 4342; x_wconf 87' lang='lat' dir='ltr'><strong>necesse.</strong></span> <span class='ocrx_word' id='word_1_474' title='bbox 1120 4282 1432 4362; x_wconf 85' lang='lat' dir='ltr'><strong>Scripsisse</strong></span> <span class='ocrx_word' id='word_1_475' title='bbox 1451 4282 1797 4343; x_wconf 85' lang='lat' dir='ltr'><strong>Terentium</strong></span> <span class='ocrx_word' id='word_1_476' title='bbox 1823 4295 2117 4360; x_wconf 81' lang='lat' dir='ltr'><strong>putamus,</strong></span> <span class='ocrx_word' id='word_1_477' title='bbox 2150 4286 2289 4345; x_wconf 73' lang='lat' dir='ltr'><strong>Fuit</strong></span> <span class='ocrx_word' id='word_1_478' title='bbox 2314 4285 2541 4346; x_wconf 77' lang='lat' dir='ltr'><strong>vivendi</strong></span> <span class='ocrx_word' id='word_1_479' title='bbox 2562 4281 2801 4340; x_wconf 66' lang='lat' dir='ltr'><strong>tiberias</strong></span> 
     </span>
     <span class='ocr_line' id='line_1_52' title="bbox 323 4356 2799 4437; baseline 0.002 -21"><span class='ocrx_word' id='word_1_480' title='bbox 323 4364 584 4437; x_wconf 77' lang='lat' dir='ltr'><strong>potestas</strong></span> <span class='ocrx_word' id='word_1_481' title='bbox 601 4382 626 4419; x_wconf 87' lang='lat'><strong>.-</strong></span> <span class='ocrx_word' id='word_1_482' title='bbox 671 4380 804 4418; x_wconf 82' lang='lat' dir='ltr'><strong>nam</strong></span> <span class='ocrx_word' id='word_1_483' title='bbox 831 4370 1022 4421; x_wconf 79' lang='lat' dir='ltr'><strong>antea.</strong></span> <span class='ocrx_word' id='word_1_484' title='bbox 1103 4360 1266 4419; x_wconf 83' lang='lat' dir='ltr'><strong>Nihil</strong></span> <span class='ocrx_word' id='word_1_485' title='bbox 1293 4360 1390 4421; x_wconf 82' lang='lat' dir='ltr'><strong>hic</strong></span> <span class='ocrx_word' id='word_1_486' title='bbox 1417 4381 1654 4429; x_wconf 84' lang='lat' dir='ltr'><strong>novum,</strong></span> <span class='ocrx_word' id='word_1_487' title='bbox 1682 4360 1824 4418; x_wconf 88' lang='lat' dir='ltr'><strong>nibil</strong></span> <span class='ocrx_word' id='word_1_488' title='bbox 1855 4380 1972 4419; x_wconf 91' lang='lat' dir='ltr'><strong>non</strong></span> <span class='ocrx_word' id='word_1_489' title='bbox 2000 4381 2345 4422; x_wconf 87' lang='lat' dir='ltr'><strong>concessum</strong></span> <span class='ocrx_word' id='word_1_490' title='bbox 2372 4356 2799 4429; x_wconf 61' lang='lat' dir='ltr'><strong>committiturz</strong></span> 
     </span>
     <span class='ocr_line' id='line_1_53' title="bbox 332 4436 2248 4518; baseline 0.001 -24"><span class='ocrx_word' id='word_1_491' title='bbox 332 4454 412 4495; x_wconf 84' lang='lat' dir='ltr'><strong>ne</strong></span> <span class='ocrx_word' id='word_1_492' title='bbox 455 4455 536 4495; x_wconf 87' lang='lat' dir='ltr'><strong>ue</strong></span> <span class='ocrx_word' id='word_1_493' title='bbox 563 4448 762 4497; x_wconf 88' lang='lat' dir='ltr'><strong>tamen</strong></span> <span class='ocrx_word' id='word_1_494' title='bbox 789 4436 866 4497; x_wconf 87' lang='lat' dir='ltr'><strong>de</strong></span> <span class='ocrx_word' id='word_1_495' title='bbox 895 4438 1172 4497; x_wconf 87' lang='lat' dir='ltr'><strong>orationis</strong></span> <span class='ocrx_word' id='word_1_496' title='bbox 1197 4452 1508 4501; x_wconf 84' lang='lat' dir='ltr'><strong>venustate</strong></span> <span class='ocrx_word' id='word_1_497' title='bbox 1533 4439 1851 4518; x_wconf 88' lang='lat' dir='ltr'><strong>quidquam</strong></span> <span class='ocrx_word' id='word_1_498' title='bbox 1889 4438 2248 4517; x_wconf 87' lang='lat' dir='ltr'><strong>deperditur.</strong></span> 
     </span>
    </p>

    <p class='ocr_par' dir='ltr' id='par_1_23' title="bbox 477 4512 2029 4596">
     <span class='ocr_line' id='line_1_54' title="bbox 477 4512 2029 4596; baseline -0.002 -22"><span class='ocrx_word' id='word_1_499' title='bbox 477 4512 560 4587; x_wconf 92' lang='lat' dir='ltr'><strong>bi,</strong></span> <span class='ocrx_word' id='word_1_500' title='bbox 587 4518 914 4596; x_wconf 77' lang='lat' dir='ltr'><strong>Nunquam</strong></span> <span class='ocrx_word' id='word_1_501' title='bbox 979 4536 1272 4593; x_wconf 68' lang='lat' dir='ltr'><strong>reponens</strong></span> <span class='ocrx_word' id='word_1_502' title='bbox 1295 4538 1354 4577; x_wconf 75' lang='lat' dir='ltr'><strong>se</strong></span> <span class='ocrx_word' id='word_1_503' title='bbox 1379 4516 1516 4588; x_wconf 74' lang='lat' dir='ltr'><strong>illis,</strong></span> <span class='ocrx_word' id='word_1_504' title='bbox 1544 4520 1629 4577; x_wconf 72' lang='lat' dir='ltr'><strong>ita</strong></span> <span class='ocrx_word' id='word_1_505' title='bbox 1655 4516 2029 4595; x_wconf 60' lang='lat' dir='ltr'><strong>ursacillimf.</strong></span> 
     </span>
    </p>

    <p class='ocr_par' dir='ltr' id='par_1_24' title="bbox 331 4584 2801 4733">
     <span class='ocr_line' id='line_1_55' title="bbox 409 4584 2801 4675; baseline -0.001 -24"><span class='ocrx_word' id='word_1_506' title='bbox 409 4592 776 4675; x_wconf 78' lang='lat' dir='ltr'><strong>Praeponem</strong></span> <span class='ocrx_word' id='word_1_507' title='bbox 802 4614 866 4655; x_wconf 72' lang='lat' dir='ltr'><strong>se</strong></span> <span class='ocrx_word' id='word_1_508' title='bbox 891 4612 928 4651; x_wconf 88' lang='lat' dir='ltr'><strong>a</strong></span> <span class='ocrx_word' id='word_1_509' title='bbox 949 4592 1025 4654; x_wconf 70' lang='lat' dir='ltr'><strong>iis</strong></span> <span class='ocrx_word' id='word_1_510' title='bbox 1050 4614 1336 4672; x_wconf 73' lang='lat' dir='ltr'><strong>nunquam</strong></span> <span class='ocrx_word' id='word_1_511' title='bbox 1354 4620 1377 4654; x_wconf 90' lang='lat'><strong>.-</strong></span> <span class='ocrx_word' id='word_1_512' title='bbox 1419 4594 1504 4655; x_wconf 88' lang='lat' dir='ltr'><strong>ita</strong></span> <span class='ocrx_word' id='word_1_513' title='bbox 1527 4607 1590 4654; x_wconf 88' lang='lat' dir='ltr'><strong>et</strong></span> <span class='ocrx_word' id='word_1_514' title='bbox 1616 4613 1817 4655; x_wconf 81' lang='lat' dir='ltr'><strong>versus</strong></span> <span class='ocrx_word' id='word_1_515' title='bbox 1842 4594 1987 4663; x_wconf 81' lang='lat' dir='ltr'><strong>vult,</strong></span> <span class='ocrx_word' id='word_1_516' title='bbox 2014 4602 2077 4650; x_wconf 91' lang='lat' dir='ltr'><strong>et</strong></span> <span class='ocrx_word' id='word_1_517' title='bbox 2102 4584 2377 4648; x_wconf 82' lang='lat' dir='ltr'><strong>orationis</strong></span> <span class='ocrx_word' id='word_1_518' title='bbox 2404 4584 2681 4662; x_wconf 66' lang='lat' dir='ltr'><strong>efflagitat</strong></span> <span class='ocrx_word' id='word_1_519' title='bbox 2701 4606 2801 4657; x_wconf 60' lang='lat' dir='ltr'><strong>ves</strong></span> 
     </span>
     <span class='ocr_line' id='line_1_56' title="bbox 331 4684 554 4733; baseline -0.009 0"><span class='ocrx_word' id='word_1_520' title='bbox 331 4684 554 4733; x_wconf 81' lang='lat' dir='ltr'><strong>nustas.</strong></span> 
     </span>
    </p>
   </div>
  </div>
 </body>
</html>
