3067 4959
391 314 524 381 lxvi
1243 312 1973 378 PROLEGOMENA

387 475 546 539 enim
569 474 610 537 ἰ
633 475 908 537 brevibus
929 471 1154 550 incipit,
1183 470 1244 529 in
1269 472 1330 531 lo
1521 470 1755 533 desinit.
1810 474 2049 541 Quanto
2072 473 2226 533 enim
2252 476 2487 556 gravior
2504 491 2600 541 est
2624 482 2857 547 iambus

389 554 671 625 trocheo,
699 556 861 614 tanto
888 562 976 611 est
1001 560 1330 629 anapestus
1393 550 1609 629 actylo.
1663 554 1863 617 Quare
1890 572 2007 611 non
2036 552 2147 611 levi
2176 554 2252 613 ‹le
2278 560 2459 619 causa
2482 558 2715 621 factum
2744 578 2853 635 est,

387 644 458 693 ut
477 632 796 713 gravissimi
817 628 1100 708 poematis
1121 627 1455 705 gravissima
1475 648 1610 707 pars
1626 630 1840 689 chorus
1859 630 1931 689 ad
1950 630 2271 721 gravissimi
2292 636 2459 713 pedis
2481 643 2852 717 majestatem

387 731 516 771 sese
545 710 856 776 conferret,
885 706 1115 765 scilicet
1139 720 1516 785 anapaestum.
1574 707 1733 774 Quid
1764 708 1921 785 quod
1950 708 2050 767 ille
2077 710 2293 769 nullam
2324 716 2521 793 posuit
2540 719 2851 789 rationem,

389 809 496 869 pro
539 800 628 847 ter
655 802 828 863 quam
857 784 1150 842 trocbaeus
1177 797 1330 843 esset
1357 785 1551 843 iambo
1572 785 1923 845 volubilior?
1982 790 2065 845 At
2086 789 2225 847 vero
2248 802 2308 849 et
2330 812 2541 854 nomen
2566 796 2848 859 Groecum

389 866 686 927 excitabat
707 881 832 933 nos,
858 873 919 920 et
935 864 1177 921 suberat
1197 875 1282 921 rat
1291 862 1363 921 io.
1408 863 1460 921 N
1466 883 1559 921 am
1572 863 1674 942 qui
1696 876 1755 922 et
1774 864 2127 943 syllabarum
2144 886 2411 941 numero,
2430 885 2493 931 et
2513 885 2849 953 temporum

387 942 611 1001 ratione
679 959 744 997 ar
770 951 926 999 esset
952 938 1164 1010 iambo,
1195 960 1308 999 non
1380 942 1530 999 otuit
1571 961 1644 1001 eo
1684 962 1811 1001 esse
1852 944 2119 1013 celerior,
2162 946 2269 1004 nisi
2310 950 2449 1007 sane
2490 964 2845 1031 temporum,

386 1032 502 1079 tem
549 1038 615 1075 or
653 1038 768 1096 que
815 1017 1201 1076 deferentium
1241 961 1595 1097 syliabarum
1634 1020 1771 1090 situ,
1800 1023 1918 1113 qua
1946 1022 2063 1081 una
2101 1043 2163 1082 re
2204 1023 2283 1082 illi
2328 1026 2495 1088 fieret
2534 1030 2846 1093 dissimilis.

385 1098 472 1155 Tr
547 1096 594 1153 it
620 1095 774 1155 enim
804 1096 1094 1155 trochaeus
1122 1096 1345 1174 syllaba
1371 1097 1565 1173 priore
1592 1118 1797 1158 vocem
1826 1110 1926 1167 ita,
1959 1111 2025 1157 ut
2052 1099 2111 1159 in
2138 1105 2462 1181 posteriore
2500 1112 2845 1172 emollescat

385 1192 458 1233 ac
483 1173 647 1251 quasi
677 1184 1008 1233 evanescat.
1085 1174 1324 1235 iambus
1351 1174 1382 1231 ὲ
1411 1177 1705 1235 contrario
1734 1178 2095 1240 celeritatem
2179 1182 2453 1255 rofessus,
2492 1189 2844 1265 gravitatem

429 1262 638 1311 raestat.
721 1251 932 1329 Itaque
953 1252 1356 1331 sanguinarius
1382 1272 1506 1330 pes,
1536 1266 1599 1312 et
1624 1268 1929 1335 promptus
1956 1256 2031 1315 ad
2058 1278 2131 1317 vu
2159 1262 2499 1333 uerendum,
2528 1266 2757 1326 indicat
2784 1281 2846 1329 et

385 1341 666 1409 impetum
693 1329 905 1407 primo,
934 1340 996 1388 et
1021 1330 1316 1389 statariam
1345 1350 1601 1409 pugnam
1631 1352 1786 1391 mox.
1865 1334 1937 1393 Id
1967 1337 2125 1412 quod
2158 1337 2479 1418 Hipponax
2510 1344 2649 1403 cum
2675 1365 2846 1407 acer·

382 1407 530 1467 rimo
559 1406 794 1487 ingenio
814 1406 902 1463 vir
927 1408 1434 1477 animadverteret,
1455 1429 1629 1486 quam
1652 1412 1936 1471 rationem
1964 1412 2212 1491 impetus
2232 1418 2291 1476 in
2315 1420 2469 1496 pede
2488 1424 2841 1499 agnovisset,

379 1503 512 1544 eam
539 1485 596 1542 in
625 1484 980 1565 peculiarem
1003 1486 1139 1563 pedi
1169 1506 1395 1545 versum
1426 1489 1756 1548 transtulit:
1803 1501 1867 1548 ut
1892 1492 2047 1549 sicut
2074 1493 2299 1555 iambus
2326 1498 2385 1555 in
2412 1499 2639 1575 syllaba
2666 1502 2845 1582 longa

379 1562 655 1642 pertinax
681 1574 993 1641 pugnaret,
1019 1562 1106 1621 sic
1131 1564 1416 1623 iambicus
1443 1584 1643 1623 versus
1671 1566 1730 1623 in
1758 1567 1999 1645 longum
2027 1570 2237 1648 pedem
2266 1574 2655 1637 incumberet.
2726 1582 2843 1641 Le·

377 1640 595 1699 viorem
627 1640 781 1699 enirn
810 1652 968 1699 ratus
993 1640 1269 1711 iambum,
1294 1642 1466 1719 quam
1497 1654 1563 1701 ut
1589 1644 1666 1701 ad
1692 1644 2128 1724 impressionem
2148 1650 2475 1713 faciendam
2500 1657 2642 1716 satis
2662 1672 2843 1731 esset.

359 1708 439 1775 'in
453 1719 726 1809 quintam
755 1718 997 1795 proelato
1023 1719 1243 1789 sedem,
1262 1720 1585 1779 succedere
1614 1722 1667 1779 ei
1694 1724 2037 1799 spondaeum
2066 1726 2233 1789 fecit.
2287 1734 2487 1797 Quare
2512 1733 2573 1791 id
2600 1754 2841 1816 quoque

369 1796 598 1875 judicio
627 1795 932 1855 consecuti
957 1816 1156 1855 sumus
1182 1817 1306 1866 nos,
1337 1798 1577 1876 propius
1602 1800 1678 1857 ad
1700 1812 1965 1861 naturam
1982 1806 2237 1882 partium
2255 1828 2629 1870 accessurum
2656 1814 2841 1874 fuisse

377 1884 566 1933 totum
592 1894 844 1943 versum,
887 1874 935 1932 si
973 1874 1201 1933 iambus
1243 1876 1581 1953 imparibus,
1629 1879 1921 1939 trochaeus
1966 1884 2203 1959 paribus
2246 1888 2482 1947 sedibus
2530 1893 2837 1951 constituti

373 1950 644 2013 fuissent.
725 1953 910 2027 CuJus
954 1952 1042 2011 rei
1092 1954 1447 2033 exemplum,
1497 1956 1771 2033 quoniam
1814 1978 1908 2017 res
1949 1971 2039 2019 est
2082 1963 2272 2024 minus
2302 1966 2532 2039 usitata,
2562 1968 2593 2024 ὲ
2622 1972 2838 2031 nostris

353 2030 662 2108 -poiimatis
683 2030 1059 2109 suinciemus
1091 2050 1268 2090 unum
1299 2052 1376 2092 ex
1403 2032 1670 2093 iambicis
1690 2057 1709 2093 ε

352 2160 363 2171 .
1111 2128 1252 2177 Malis
1273 2128 1454 2177 fortuna
1477 2126 1779 2194 comueopiae
1800 2131 1961 2183 fundit.

375 2214 651 2275 Alterum
679 2232 758 2271 ex
784 2214 1132 2274 trochaicis:

1113 2318 1162 2366 Si
1183 2320 1352 2383 plaudit
1372 2325 1500 2371 malis
1521 2324 1716 2385 fortuna,
1738 2331 1847 2393 quid
1858 2334 1996 2396 justis
2014 2333 2100 2380 fit?
2780 2387 2785 2393 .

454 2395 574 2463 Qui
601 2394 794 2456 flexus
821 2415 1194 2458 numerorum
1223 2401 1274 2462 si
1301 2404 1396 2463 cui
1423 2407 1712 2468 absurdus
1740 2412 1989 2482 videtur,
2019 2412 2067 2471 is
2088 2412 2409 2472 meminerit
2436 2416 2667 2478 aurium
2688 2442 2841 2485 con·

379 2473 750 2535 suetudinem
785 2474 1100 2535 violentam
1143 2497 1306 2549 esse;
1346 2502 1615 2563 novaque
1654 2499 1835 2566 atque
1874 2490 2149 2548 inusitata
2175 2508 2289 2549 non
2316 2504 2437 2551 tam
2466 2514 2704 2577 semper
2730 2505 2835 2563 ad-

353 2551 588 2621 mirari,
619 2550 792 2641 quam
821 2570 976 2631 saepe
1003 2574 1300 2634 respuere.
1371 2560 1589 2621 Verum
1616 2584 1969 2645 magnopere
1994 2570 2193 2625 nostra
2218 2568 2483 2645 interest,
2512 2578 2615 2656 qui
2638 2582 2837 2657 quoad

347 2626 516 2702 slicet
547 2630 882 2690 Aristotelis
899 2635 1178 2711 exemplo
1200 2656 1392 2696 rerum
1419 2658 1625 2702 causas
1648 2645 2017 2721 vestigamus,
2040 2647 2237 2705 venari
2259 2650 2565 2725 rationem,
2588 2672 2837 2735 propter

345 2772 356 2781 ‚
417 2726 550 2767 uam
579 2704 712 2765 cum
742 2708 935 2770 iambo
961 2712 1160 2771 sedem
1190 2717 1554 2796 assignarent
1580 2721 1773 2799 prisci,
1804 2723 2113 2781 maluerint
2138 2746 2307 2805 pares
2334 2731 2605 2792 retinere.
2679 2736 2833 2797 Nam

371 2804 422 2844 si
451 2785 512 2843 in
539 2785 837 2864 dactylico
871 2790 1103 2850 senario
1145 2813 1260 2854 una
1287 2797 1512 2857 tantum
1554 2800 1695 2859 satis
1732 2800 1864 2872 fuit,
1892 2800 2101 2880 quinta
2125 2805 2391 2867 scilicet=
2431 2811 2553 2871 sive
2579 2812 2678 2871 ille
2718 2814 2833 2874 fuit

372 2863 746 2941 spondaicus,
776 2884 892 2927 una
918 2869 1058 2929 item
1084 2871 1198 2931 fuit
1223 2876 1381 2947 satis,
1411 2878 1631 2957 quippe
1657 2891 1855 2939 sexta:
1898 2898 2082 2959 quare
2108 2886 2369 2945 trocheo
2394 2887 2664 2969 impares,
2690 2894 2833 2952 alias

369 2938 567 3000 iambo
595 2944 954 3007 constituere
970 2948 1000 3005 Ρ
1041 2969 1170 3009 nam
1199 2952 1314 3013 hoc
1339 2958 1480 3016 sane
1508 2969 1722 3035 praeter
1740 2972 2007 3019 naturam
2034 2960 2257 3023 factum
2282 2966 2535 3029 videtur.
2592 2970 2830 3030 Etenim

369 3038 479 3099 per
505 3018 670 3079 initia
695 3021 745 3081 si
773 3024 914 3086 solis
939 3039 1043 3086 aut
1069 3029 1274 3091 iambis
1313 3046 1416 3094 aut
1459 3036 1729 3095 trochaeis
1768 3058 1972 3098 versus
2011 3045 2379 3115 constabant,
2421 3046 2653 3107 videtur
2690 3050 2830 3107 sane

371 3097 615 3175 primam
645 3100 938 3182 quamque
966 3106 1163 3168 sedem
1191 3110 1320 3171 illos
1349 3114 1607 3193 arripere
1636 3116 1928 3179 debuisse.
2008 3122 2240 3188 Quibus
2267 3125 2459 3184 verbis
2500 3138 2564 3185 ut
2590 3146 2831 3205 respon-

371 3175 562 3247 deam,
611 3180 748 3238 sane
797 3183 1046 3259 primum
1091 3187 1178 3246 sic
1221 3209 1388 3267 agam
1409 3214 1426 3249 ε
1479 3192 1617 3250 Non
1658 3214 1787 3253 esse
1816 3216 2009 3256 rerum
2050 3214 2318 3263 naturam
2342 3216 2577 3264 secutos
2604 3218 2831 3266 veteres

368 3258 606 3333 poe'tas:
651 3260 836 3319 multa
860 3262 975 3323 illis
1001 3282 1108 3341 pro
1137 3266 1376 3325 libidine
1401 3268 1563 3326 facta
1587 3270 1785 3342 fuisse,
1830 3277 2015 3334 multa
2052 3278 2295 3341 fortuito
2343 3282 2651 3353 excidisse,
2700 3304 2831 3363 quie

367 3344 575 3413 postea
620 3356 728 3413 pro
773 3339 1006 3417 legibus
1050 3344 1456 3418 probarentur.
1546 3344 1741 3404 Unum
1782 3348 1928 3408 illud
1956 3355 2097 3410 satis
2125 3371 2377 3427 constat,
2408 3360 2541 3419 cum
2570 3364 2831 3421 trochaeo

367 3412 570 3471 sedem
598 3415 842 3491 primam
870 3420 1208 3489 retinerent,
1237 3438 1350 3477 non
1379 3420 1713 3480 inconsulto
1742 3424 2029 3485 diversam
2058 3433 2130 3487 ab
2152 3438 2240 3504 ea,
2272 3449 2333 3493 et
2358 3438 2486 3495 aliis
2513 3438 2831 3517 imparibus

369 3490 616 3549 adverso
645 3494 779 3570 pedi
807 3495 1000 3556 iambo
1028 3496 1367 3573 assignasse.
1437 3500 1638 3564 Quare
1663 3512 1859 3559 autem
1891 3504 2041 3562 banc
2070 3507 2230 3581 huic,
2264 3513 2417 3569 illam
2448 3515 2531 3572 illi
2560 3518 2831 3578 reddide-

368 3568 505 3638 rint,
547 3570 684 3628 sane
725 3572 880 3629 haud
923 3573 1095 3631 facile
1137 3588 1228 3632 est
1267 3573 1591 3633 intellectu.
1676 3580 1878 3657 Atque
1906 3582 2006 3639 hic
2032 3585 2267 3661 quidem
2300 3590 2381 3645 ita
2406 3594 2585 3649 sentit
2616 3596 2831 3656 Prisci·

369 3665 551 3707 anus:
593 3648 904 3715 Quoniam,
935 3650 1144 3725 iuquit,
1173 3650 1232 3707 in
1260 3652 1522 3709 secundo
1564 3655 1716 3731 pede
1756 3656 1888 3715 cum
1920 3658 2278 3722 dimetiendo
2305 3664 2579 3725 feriretur
2605 3689 2829 3745 versus,

367 3725 558 3783 minor
584 3726 637 3782 ei
667 3724 799 3782 loco
827 3744 990 3782 mora
1017 3726 1215 3785 debita
1243 3738 1350 3785 est.
1433 3728 1589 3789 Nam
1616 3733 1757 3791 mihi
1787 3739 1991 3794 contra
2018 3738 2269 3811 videtur,
2300 3747 2574 3818 majorem
2605 3767 2827 3811 moram

368 3801 568 3861 deberi
597 3801 656 3858 in
683 3802 1146 3877 pronunciando,
1170 3805 1268 3863 ubi
1299 3818 1564 3889 tempore
1590 3810 1718 3889 ipso
1744 3811 2137 3876 immoramur.
2220 3820 2299 3878 Et
2328 3820 2537 3881 falsum
2566 3842 2725 3889 esset
2750 3830 2827 3889 ibi

363 3880 618 3955 positum
649 3877 880 3953 pedem,
904 3881 1174 3957 quoniam
1204 3883 1510 3946 feriretur:
1554 3890 1660 3949 sed
1688 3894 1911 3964 contra,
1936 3914 2137 3955 verum
2164 3911 2339 3967 esset,
2370 3900 2449 3959 ibi
2480 3902 2656 3977 feriri,
2682 3928 2826 3986 quo-

365 3954 517 4011 niam
539 3973 644 4030 pes
667 3969 1002 4029 poneretur·
1061 3964 1148 4021 At
1171 3963 1286 4024 hoc
1307 3968 1621 4042 quaerimus
1648 3990 1805 4030 nunc
1835 3991 1960 4042 nos,
1992 3994 2165 4053 quam
2194 3979 2271 4037 ob
2300 3998 2536 4039 causam
2566 3984 2644 4043 ibi
2673 3988 2825 4063 posi-

367 4039 460 4088 tus
486 4031 563 4089 sit
583 4032 612 4088 Ρ
655 4032 951 4094 Proeterea
975 4038 1024 4096 si
1053 4060 1122 4099 ea
1151 4044 1298 4103 ratio
1327 4058 1434 4116 est,
1480 4050 1777 4127 quomodo
1803 4054 2098 4112 constabit
2136 4056 2195 4113 in
2227 4059 2562 4131 trochaicis,
2592 4066 2693 4143 qui
2718 4064 2826 4122 ibi-

363 4106 496 4166 dem
527 4108 861 4170 feriuntur?
908 4116 992 4177 Ut
1019 4119 1199 4197 igitur
1237 4126 1575 4202 quaestionis
1602 4129 1885 4188 rationem
1924 4134 2084 4211 apud
2126 4153 2231 4194 nos
2272 4150 2567 4215 putemus,
2615 4143 2827 4200 intelli-

359 4205 568 4264 gamus
611 4190 933 4253 secundum
965 4200 1273 4260 verborum
1315 4204 1710 4265 inventionem
1740 4227 1867 4266 esse
1896 4223 1961 4267 ut
1988 4212 2023 4267 a
2051 4212 2241 4293 longis
2267 4216 2635 4296 incipiamus,
2662 4230 2725 4278 et
2763 4222 2825 4279 in

335 4266 568 4345 breves
616 4268 997 4333 deducamur.
1079 4279 1232 4339 Nam
1262 4301 1593 4361 quanquam
1638 4286 1827 4345 brevis
1852 4289 2080 4366 syllaba
2120 4298 2330 4353 natura
2370 4300 2474 4355 sua
2514 4298 2673 4375 prior
2712 4310 2822 4369 est,

362 4344 536 4425 quarn
566 4349 758 4427 longa,
791 4352 1008 4433 quippe
1035 4358 1352 4435 simplicior
1380 4376 1501 4420 est:
1548 4375 1739 4423 tamen
1780 4385 1887 4442 per
1926 4368 2091 4427 initia
2130 4372 2527 4434 inventionum
2579 4390 2820 4435 cuncta·

331 4426 573 4495 ‚bantur
595 4428 872 4507 primum:
898 4454 1029 4511 quoe
1046 4438 1192 4497 ratio
1213 4450 1320 4503 est,
1341 4452 1406 4497 ut
1428 4460 1640 4501 vocum
1660 4442 1807 4502 fines
1824 4445 1881 4502 in
1903 4453 2389 4525 pronunciatione
2410 4456 2823 4513 obscurentur.

359 4502 454 4563 lta
483 4506 635 4565 enim
686 4509 1036 4584 meditantis,
1069 4527 1130 4574 et
1160 4517 1408 4577 consulti
1435 4521 1614 4579 animi
1640 4524 2001 4601 suspendere
2030 4548 2257 4601 vocem,
2288 4550 2404 4589 non
2432 4532 2821 4611 praecipitare.

332 4580 757 4655 ,Quamobrem
802 4602 924 4651 tam
963 4594 1022 4655 in
1058 4595 1340 4681 versibus,
1371 4598 1548 4677 quam
1573 4600 1632 4659 in
1660 4605 1835 4681 proea
1862 4607 2145 4683 oratione,
2176 4622 2603 4687 postremarum
2644 4612 2821 4690 sylla-
