3067 4959
284 340 433 422 304⁸!
1210 331 1944 408 PROLEGOMENA

283 499 509 558 huntur
524 519 543 556 z
575 515 711 578 que
740 515 833 560 res
858 495 935 556 ab
972 492 1213 562 scenica
1250 491 1487 560 luxuria
1510 492 1782 558 instituta
1805 503 1918 558 est.
1973 489 2202 554 Eadem
2223 488 2284 550 in
2309 487 2594 550 luctuosis
2608 507 2750 566 per·

286 577 445 638 sonis
482 577 767 644 incuriam
806 575 895 634 sui
936 592 1041 652 per
1080 571 1499 650 negligentiam
1542 571 1855 650 significat.
1939 571 2148 632 Aulaea
2229 588 2428 648 unque
2470 567 2529 628 in
2549 569 2752 626 scena

285 657 519 716 intexta
535 665 897 722 sternuntur,
915 650 1073 729 quod
1092 650 1287 730 pictus
1304 663 1545 712 ornatus
1561 662 1708 720 erat,
1727 669 1806 710 ex
1825 650 2092 713 Attalica
2108 652 2272 726 regia
2293 649 2542 708 Romam
2563 665 2754 724 usque

288 736 584 814 perlatusz
626 752 735 811 pro
774 729 985 810 quibus
1025 729 1239 821 siparia
1262 730 1721 866 ietastposterior
1747 729 1998 809 accepit.
2078 727 2188 788 Est
2213 739 2412 788 autem
2451 725 2758 816 mimicum

288 815 507 882 velum,
534 811 695 890 quod
718 809 939 888 populo
966 807 1215 880 obsistit,
1242 808 1383 868 dum
1436 808 1740 871 abularum
1767 819 1938 871 actus
1963 817 2417 868 commutantur.
2471 805 2758 864 Diverbia

288 893 599 953 histriones
627 887 1115 966 pronunciabant.
1176 887 1425 948 Cantica
1450 888 1592 949 verb
1617 888 2096 978 temperabantur
2123 885 2332 955 modis,
2359 903 2476 944 non
2497 884 2536 941 a
2555 883 2754 960 poeta.

291 969 397 1032 sed
424 969 462 1028 ἃ
488 967 677 1046 perito
704 966 847 1038 artis
876 966 1113 1026 musicoe
1152 965 1343 1026 factis.
1426 966 1641 1045 Neque
1667 985 1822 1026 emm
1859 965 2054 1025 omnia
2074 964 2278 1024 iisdem
2308 963 2494 1022 modis
2535 962 2594 1020 in
2639 979 2760 1019 uno

292 1047 526 1108 cantico
566 1047 915 1123 agebantur,
956 1045 1065 1104 sed
1100 1063 1257 1123 soepe
1298 1045 1558 1116 mutatis,
1601 1056 1670 1104 ut
1706 1043 2037 1122 significant
2078 1043 2182 1122 qui
2219 1055 2342 1102 tres
2383 1060 2658 1100 numeros
2699 1041 2760 1097 in

292 1123 597 1184 comoediis
621 1135 869 1203 ponunt,
900 1125 1001 1201 qui
1030 1134 1150 1184 tres
1176 1123 1482 1183 continent
1508 1134 1766 1183 mutatos
1795 1122 2000 1182 modos
2027 1123 2244 1182 cantici
2271 1121 2445 1180 illius.
2503 1119 2624 1186 Qui
2646 1119 2760 1176 hu-

192 1221 195 1232 ·
285 1203 615 1283 juscemodi
639 1203 843 1262 modos
865 1203 1180 1271 faciebant,
1202 1219 1414 1260 nomen
1436 1202 1495 1260 in
1517 1200 1806 1280 principio
1829 1201 2041 1263 fabulae
2063 1213 2126 1263 et
2141 1201 2442 1278 scriptoris
2459 1211 2522 1258 et
2541 1198 2764 1258 actoris

292 1283 788 1360 superponebant.
870 1279 1231 1359 Hujusmodi
1270 1279 1419 1341 adeo
1460 1280 1720 1340 carmina
1759 1279 1832 1338 ad
1875 1280 2044 1338 tibias
2085 1279 2342 1339 fiebantz
2399 1290 2466 1337 ut
2519 1277 2610 1335 his
2657 1297 2765 1336 au·

294 1360 449 1427 ditis,
478 1360 647 1420 multi
674 1379 751 1420 ex
778 1361 999 1438 populo
1024 1358 1159 1417 ante
1188 1357 1503 1428 discerent,
1534 1377 1712 1438 quam
1751 1358 2010 1418 fabulam
2051 1357 2240 1418 acturi
2281 1356 2502 1417 scenici
2541 1367 2766 1424 essent,

208 1493 225 1512 „
296 1437 473 1517 quam
500 1439 737 1498 omnino
763 1437 1195 1516 spectatoribus
1223 1436 1363 1516 ipsis
1388 1437 1748 1498 antecedens
1775 1437 1980 1496 titulus
2006 1437 2516 1515 pronunciat-etur.
2598 1437 2768 1512 Age-

294 1519 511 1579 bantur
536 1530 733 1576 autem
762 1515 919 1576 tibiis
945 1516 1184 1594 paribus
1212 1527 1317 1575 aut
1341 1515 1681 1606 imparibus,
1711 1525 1773 1574 et
1800 1514 2025 1574 dextris
2051 1527 2152 1574 aut
2179 1515 2448 1575 sinistris.
2513 1515 2770 1574 Dextroe

294 1606 493 1654 autem
532 1607 595 1655 et
635 1595 863 1672 Lydiae,
888 1596 998 1654 sua
1022 1593 1311 1672 gravitate
1337 1613 1546 1655 seriam
1587 1593 1896 1656 comoediae
1923 1593 2240 1654 dictionem
2278 1593 2770 1672 pronunciabant.

296 1673 560 1734 Sinistrae
588 1686 649 1732 et
678 1676 943 1732 Serranae
969 1671 1254 1732 acuminis
1280 1670 1518 1731 levitate
1539 1675 1744 1750 ,iocum
1775 1671 1831 1730 in
1861 1672 2154 1732 comoedifi
2177 1674 2586 1732 ostendebant.
2647 1671 2768 1732 Ubi

294 1763 492 1890 {utem
524 1753 740 1812 dextra
763 1763 825 1810 et
850 1751 1083 1812 sinistra
1108 1761 1245 1812 acta
1270 1749 1469 1810 fabula
1496 1749 1943 1824 inscribebatur,
1973 1751 2186 1810 mistim
2208 1753 2332 1830 joci
2361 1764 2422 1812 et
2447 1751 2774 1832 gravitates

338 1831 821 1892 enunciabantur.

720 2049 1037 2117 DESID.
1084 2049 1540 2118 ERASMUS
1587 2051 2334 2128 ROTERODAMUS

960 2195 1079 2254 DE
1122 2195 1451 2258 METRIS
1496 2197 1606 2256 TE
1617 2197 2110 2258 RENTIANIS.

382 2313 627 2373 Comcr
668 2311 869 2372 Latini
894 2313 1139 2372 multam
1166 2315 1499 2376 libertatem
1524 2316 1636 2376 sibi
1676 2315 2033 2395 usurparunt
2059 2314 2118 2372 in
2147 2313 2427 2382 versibus,
2457 2316 2562 2373 sed
2591 2337 2778 2382 nemo

300 2390 523 2467 largius
552 2391 873 2450 Terentio:
914 2391 1063 2450 adeo
1092 2405 1158 2452 ut
1184 2394 1345 2474 apud
1384 2397 1610 2474 priscos
1637 2413 1874 2474 quoque
1913 2393 2133 2452 suerint
2171 2391 2271 2483 qui
2301 2391 2664 2467 judicarent,
2707 2399 2777 2458 in

298 2469 711 2544 hujussabulis
740 2469 957 2529 nullam
986 2490 1116 2532 esse
1144 2474 1464 2532 carminum
1494 2475 1708 2550 legem.
1791 2470 2055 2530 Sed-hos
2093 2469 2214 2528 falli
2255 2469 2628 2531 manifestum
2659 2488 2779 2537 est.

302 2548 533 2608 Rursus
556 2547 797 2608 fuerunt
824 2549 923 2628 qui
952 2569 1070 2608 non
1098 2553 1409 2632 negarunt,
1438 2553 1511 2610 ab
1555 2553 1670 2608 hoc
1709 2549 1922 2608 servari
1965 2561 2285 2608 metrorum
2325 2549 2508 2628 leges,
2551 2553 2657 2614 sed
2693 2558 2777 2616 ob

299 2625 675 2686 immodicam
702 2627 1033 2687 libertatem
1063 2649 1182 2690 non
1210 2650 1339 2690 esse
1378 2647 1576 2707 operoe
1601 2628 1856 2706 pretium
1901 2628 2162 2706 torqueri
2204 2628 2413 2688 doctos
2441 2633 2776 2693 carminum

302 2704 687 2777 dimensione,
716 2706 871 2784 quud
900 2718 962 2766 et
986 2727 1081 2771 res
1106 2710 1185 2770 sit
1210 2707 1477 2767 immensi
1501 2705 1737 2775 laboris,
1767 2725 1882 2766 nec
1908 2706 1991 2767 ita
2021 2707 2270 2767 multum
2310 2706 2538 2768 adferat
2565 2711 2778 2790 frugis.

304 2784 395 2842 At
420 2803 533 2862 ego
560 2785 635 2843 ab
664 2797 915 2863 utroque
942 2807 1161 2864 genere
1189 2785 1499 2845 dissentio:
1530 2803 1665 2843 nam
1693 2795 1762 2843 ut
1790 2787 2151 2846 manifestius
2179 2797 2270 2846 est
2297 2787 2471 2865 quam
2501 2799 2569 2846 ut
2597 2803 2780 2868 egeat

302 2862 669 2940 probatione,
702 2865 963 2923 Terentii
992 2865 1311 2925 comoedias
1337 2863 1602 2923 versibus
1630 2875 1938 2934 constare;
1978 2867 2060 2925 ita
2087 2865 2190 2946 qui
2217 2866 2631 2944 negligendam
2661 2889 2774 2948 pu-

303 2941 505 3000 tarunt
540 2953 859 3004 metrorum
888 2944 1193 3011 rationem,
1220 2943 1562 3024 frequenter
1631 2949 1779 3002 oetoe
1815 2963 2144 3004 sermonem
2184 2965 2360 3005 corru
2405 2958 2596 3018 erunt,
2631 2947 2773 3006 dum

304 3019 475 3080 aliam
514 3041 721 3082 vocem
760 3041 869 3102 pro
915 3024 1029 3082 alia
1074 3023 1415 3104 subjiciunt,
1458 3040 1578 3103 quo
1661 3023 1902 3082 nimium
1949 3043 2106 3105 saepe
2145 3037 2416 3082 usuvenit
2460 3019 2666 3086 scribis
2713 3027 2772 3084 in

303 3099 647 3164 auctoribus
670 3104 877 3162 solutae
903 3103 1197 3174 dictionis,
1227 3103 1368 3164 dum
1394 3103 1628 3164 addunt
1649 3114 1830 3182 atque
1857 3102 2140 3174 adimunt,
2169 3103 2312 3161 dum
2338 3104 2648 3166 verborum
2682 3105 2775 3164 in-

302 3191 543 3239 vertunt
568 3181 851 3242 ordinem.
936 3182 1217 3241 Nonnihil
1244 3187 1421 3244 etiam
1442 3183 1544 3242 hic
1564 3185 1890 3261 peccarunt
1911 3183 2144 3253 eruditi,
2167 3183 2268 3260 qui
2291 3181 2429 3241 dum
2449 3183 2776 3244 carminum

346 3275 525 3320 encra
548 3259 919 3338 distinguunt
944 3279 1017 3318 ac
1044 3261 1449 3330 dimetiuntur,
1476 3279 1685 3338 parum
1711 3259 1943 3331 attenti,
1967 3263 2390 3338 interjecerunt
2414 3265 2590 3322 verba
2611 3285 2774 3344 qute-

303 3277 459 3406 {ann
490 3348 563 3397 ut
582 3339 893 3414 explerent
918 3337 1117 3394 versus
1144 3338 1388 3403 hiatum,
1416 3349 1523 3394 aut
1541 3347 1927 3394 resecuerunt
1944 3338 2103 3414 quod
2125 3339 2431 3399 videbatur
2447 3357 2772 3420 superesse.

314 3413 559 3471 Videtur
576 3427 770 3472 autem
791 3412 989 3472 studio
1003 3414 1227 3473 factum
1250 3417 1285 3470 ὲ,
1303 3413 1604 3480 Terentio,
1629 3423 1694 3469 ut
1714 3412 2075 3473 dissimulato
2097 3417 2355 3478 carmine
2375 3421 2548 3500 quam
2571 3423 2778 3501 proxi-

304 3491 401 3548 me
420 3491 737 3548 accederet
758 3491 835 3550 ad
862 3491 1185 3552 orationem
1212 3491 1498 3550 solutam:
1528 3489 1692 3568 quod
1715 3491 1870 3550 idem
1899 3491 2202 3553 affectasse
2227 3496 2460 3556 videtur
2491 3501 2776 3562 Horatius

306 3569 369 3626 in
410 3568 789 3628 Sermonibus
816 3580 877 3628 et
907 3569 1210 3646 Epistolis.
1289 3569 1455 3628 Hinc
1484 3579 1651 3626 tanta
1691 3567 1751 3626 in
1789 3569 2151 3631 dimetiendo
2191 3573 2521 3650 difficultas,
2555 3593 2621 3640 ut
2666 3600 2776 3640 ex-

306 3645 557 3707 istimem
584 3645 777 3726 ipsum
807 3647 1131 3718 Donatum,
1162 3657 1265 3706 aut
1296 3649 1646 3718 Cornutum,
1669 3658 1774 3707 aut
1803 3651 2121 3727 Asperum,
2149 3652 2197 3710 si
2225 3653 2506 3727 viverent,
2541 3657 2599 3716 in
2628 3659 2778 3719 locis

306 3724 533 3806 aliquot
555 3727 649 3784 vel
668 3725 948 3796 hiesuros,
973 3727 1065 3784 vel
1084 3726 1239 3785 inter
1256 3745 1321 3785 se
1341 3726 1722 3786 dissensuros.
1804 3727 2062 3788 Proinde
2079 3749 2186 3791 nos
2237 3735 2645 3796 uatriduana‘m
2669 3759 2706 3796 ο
2749 3771 2778 3786 ··

304 3802 521 3882 pellam
548 3805 919 3882 sumpsimus,
950 3815 1017 3864 ut
1050 3804 1503 3864 adolescentulis
1528 3805 1785 3884 aliquam
1810 3806 1988 3884 hujus
2013 3809 2206 3869 diflicu
2232 3813 2367 3872 tatis
2393 3828 2620 3892 partem
2649 3837 2686 3876 a
2729 3816 2777 3876 i-

306 3899 621 3954 meremus,
648 3903 765 3942 non
793 3884 1033 3962 quidem
1060 3883 1119 3941 in
1141 3903 1345 3944 omnes
1370 3883 1619 3957 fabulas,
1637 3884 1822 3944 sedin
1840 3906 2014 3946 unam
2034 3891 2345 3967 perpetuo,
2373 3905 2434 3952 et
2463 3893 2520 3952 in
2547 3895 2780 3956 caeteris

308 3959 595 4038 carptim:
642 3981 761 4050 quo
802 3983 913 4022 ceu
954 3963 1054 4021 filo
1092 3963 1300 4040 adjuti,
1341 3983 1471 4022 sese
1508 3963 1738 4024 facilius
1765 3964 1800 4025 ὲ
1829 3966 2056 4027 caeteris
2084 3969 2384 4048 explicent
2408 3973 2779 4052 labyrinthis.

310 4040 601 4108 Constant
625 4052 821 4100 autem
850 4041 1022 4118 hujus
1049 4041 1265 4101 fabulae
1287 4042 1379 4101 his
1401 4041 1589 4103 fenne
1617 4056 1932 4103 metrorum
1961 4047 2294 4124 generibus.

386 4119 653 4196 Iambico
679 4119 965 4187 tri-metro,
994 4120 1098 4200 qui
1124 4133 1186 4180 et
1214 4122 1423 4182 senarii
1450 4121 1730 4183 dicuntur
1757 4123 1793 4180 d
1817 4143 2062 4183 numero
2087 4127 2325 4202 pedum.

386 4196 653 4256 Iambico
680 4209 1044 4270 tetrametro,
1088 4201 1189 4278 qui
1228 4201 1303 4259 ab
1344 4201 1471 4260 aliis
1518 4202 1810 4280 quadrati,
1851 4204 1926 4261 ab
1975 4203 2104 4260 aliis
2145 4206 2427 4266 octonarii
2475 4209 2779 4270 dicuntur.

308 4277 755 4340 Monomsttum
794 4295 873 4336 ac
906 4278 1223 4356 dimetrum
1262 4280 1395 4339 rard
1418 4279 1789 4356 interjicitur.
1870 4281 1940 4339 In
1982 4281 2098 4339 hoc
2138 4301 2355 4360 genere
2394 4289 2600 4368 quovis
2641 4289 2779 4350 loco

306 4377 424 4436 pro.
443 4356 639 4416 iambo
664 4355 829 4434 ponit
856 4357 1218 4436 tribrachyn,
1246 4359 1611 4436 spondeum,
1641 4359 1966 4437 dactylum,
1994 4373 2372 4439 anapaestum,
2391 4367 2566 4427 mod&
2595 4370 2780 4430 totius

308 4435 583 4499 carminis
608 4434 937 4514 penultima
958 4437 1184 4513 sylhba
1208 4436 1288 4494 sit
1312 4436 1524 4495 brevis.
1609 4437 1909 4514 Siquidem
1941 4437 1996 4494 in
2027 4437 2146 4498 hoc
2169 4460 2339 4502 versu
2359 4463 2376 4501 ε

876 4531 1071 4580 Nullum
1092 4533 1275 4596 estjam
1297 4532 1481 4589 dictum,
1503 4533 1624 4595 quod
1647 4547 1739 4580 non
1761 4533 1931 4582 dictum
1954 4535 2012 4584 sit
2030 4536 2181 4599 ptiust

313 4625 513 4668 omnes
538 4611 801 4706 spondaei
828 4626 985 4685 sunt,
1014 4625 1271 4706 excepto
1300 4614 1528 4686 ultimo,
1557 4619 1725 4692 cujus
1741 4617 1974 4696 generis
2001 4627 2063 4678 et
2087 4619 2231 4680 alios
2252 4609 2475 4712 aliquot
2497 4613 2784 4704 reperias«.⁵

395 4685 660 4748 Eandem
687 4693 1018 4754 libertatem
1047 4694 1226 4755 sumit
1253 4713 1312 4752 m
1342 4694 1677 4770 trochaicis,
1709 4696 2062 4759 tetrametris
2089 4699 2470 4774 catalecticis,
2500 4703 2644 4764 satis
2673 4705 2778 4778 ha-
