3067 4959
348 335 418 398 lii
1272 327 2005 396 PROLEGOMENA

856 495 973 554 Ex
1010 491 1624 556 INSCRIPTIONE
1668 493 2278 555 HEAUTONTIM.

934 613 1243 691 Inscriptio
1263 612 1385 674 kaec
1412 614 1552 675 mibi
1576 617 1656 676 sic
1684 616 1908 676 videtur
1931 595 2168 693 legenda
2185 636 2206 670 .·

424 736 627 794 Pum..
696 731 959 791 Terentii
1016 730 1149 789 Afri
1208 733 1922 794 Heautontimorumenos.
1989 733 2218 793 ‘Graeca
2263 745 2354 793 est
2407 733 2806 794 Menandrou.

346 816 507 874 Acta
531 811 684 870 ludis
714 809 1176 888 Megalensibus,
1207 809 1279 868 L.
1310 812 1587 872 Cornelio
1615 813 1892 882 Lentulo,
1913 812 1985 872 L.
2008 812 2247 872 Valerio
2273 813 2489 872 Flacco
2509 811 2805 872 AEdilibus

346 890 683 953 Curulibus.
746 889 887 966 Egit
913 887 987 946 L.
1015 887 1325 947 Ambivius
1354 890 1479 949 Tur
1522 891 1598 950 io.
1655 891 1872 950 Modos
1893 889 2037 950 feeit
2065 891 2276 950 Claud.
2303 891 2576 958 Flaccus,
2591 891 2804 952 Claud.

342 969 516 1038 filius,
571 968 727 1026 tibiis
778 966 1032 1045 paribus.
1116 967 1277 1026 Acta
1322 967 1455 1026 dein
1500 988 1535 1027 e
1581 969 1808 1028 duabus
1846 967 2090 1028 dextris.
2171 971 2332 1030 Acta
2381 969 2560 1030 etiam
2605 968 2801 1028 tertio.

338 1048 527 1184 -Εάὲῑα
554 1047 627 1106 Τ.
654 1043 1003 1182 ¹Sei'npronio
1032 1044 1330 1116 Graccho,
1355 1045 1447 1104 M.
1472 1047 1755 1106 Juventio
1787 1047 1980 1107 Helua
2013 1048 2178 1106 Coss.

484 1143 521 1183 x
588 1143 655 1183 ro
677 1144 714 1183 o
756 1143 825 1182 oe

548 1145 585 1203 p
713 1145 755 1203 8
992 1199 1050 1248 Id
1068 1198 1265 1264 primum
1285 1203 1445 1260 dicuni,
1468 1204 1629 1252 deinde
1649 1199 1776 1266 quod
1790 1206 1894 1252 veni
1915 1205 2112 1268 eloquar.

424 1266 657 1327 Locum
682 1267 863 1336 hunc,
892 1283 1011 1344 quo
1038 1264 1098 1322 in
1124 1265 1240 1324 hoc
1280 1267 1526 1326 authore
1563 1268 1866 1327 obscurior
1907 1269 2124 1339 nullus,
2152 1279 2358 1327 notare
2385 1265 2586 1336 malui,
2627 1267 2803 1347 quem

340 1345 655 1405 emendare
682 1365 701 1405 ε
744 1345 893 1403 utin
923 1363 987 1403 re
1012 1354 1131 1402 tam
1160 1343 1399 1412 difficili,
1428 1355 1609 1424 atque
1637 1345 1938 1426 perplexfi,
1967 1366 2138 1405 suum
2165 1347 2378 1426 cuique
2397 1345 2686 1426 judicium
2713 1364 2806 1404 re-

340 1423 723 1502 linqueretur.
766 1421 1021 1482 Primum
1048 1439 1169 1480 non
1194 1443 1267 1482 eo
1286 1422 1513 1496 ordine,
1541 1443 1658 1503 quo
1685 1444 1778 1486 res
1802 1425 2104 1505 proposita
2129 1437 2238 1497 est,
2265 1437 2568 1484 narratur:
2611 1443 2805 1503 neque

342 1501 499 1562 enim
524 1501 655 1562 haeo
679 1521 813 1581 qum
836 1511 1182 1580 sequuntur,

984 1579 1063 1626 Ex
1084 1577 1261 1641 integri
1282 1579 1449 1628 Greci
1468 1581 1690 1643 integram
1707 1583 1973 1630 comoediam

990 1643 1145 1690 Hodie
1167 1659 1265 1690 sum
1288 1652 1469 1692 acturus
1492 1645 1542 1684 Ρ
1631 1653 1647 1664 *
1712 1647 1836 1681 ²:....-..
1951 1661 1978 1667 “
2061 1665 2073 1693 =

983 1706 1177 1769 Duplex
1194 1723 1295 1770 qnae
1316 1721 1375 1755 ex
1396 1717 1664 1770 argumento
1683 1710 1802 1757 sacta
1823 1719 1893 1757 est
1915 1711 2119 1772 simplici.

314 1775 517 1847 'Haec,
544 1773 803 1851 inquam,
831 1787 949 1828 non
970 1770 1388 1840 demonstrant,
1418 1791 1523 1832 cur
1551 1785 1746 1850 partes
1783 1774 1911 1833 seni
1951 1777 2129 1852 poen
2167 1772 2418 1841 dederit,
2460 1789 2592 1852 quoe
2637 1785 2811 1833 eunt

341 1849 835 1915 adolescentium:
878 1849 1037 1928 quod
1066 1861 1256 1907 tamen
1286 1849 1579 1909 dicturum
1609 1870 1673 1909 se
1701 1851 1950 1930 primum
1976 1851 2308 1930 pollicetur.
2371 1853 2506 1912 Jam
2535 1851 2634 1910 ubi
2675 1855 2811 1930 poet

342 1932 519 2013 paulo
546 1929 709 1996 dicit,
739 1937 1030 1987 oratorem
1052 1945 1179 1986 esse
1205 1945 1289 1998 se,
1318 1943 1433 1987 non
1456 1929 1786 2006 prologum,
1807 1949 1922 1990 non
1943 1930 2122 1990 docet
2141 1949 2250 1990 cur
2269 1929 2526 1990 venerit:
2565 1942 2813 1992 venerat

342 2010 497 2070 enim
524 2007 729 2068 histrio
758 2024 875 2064 non
898 2016 966 2064 ut
992 2005 1299 2084 prologum
1342 2007 1640 2076 recitaret,
1681 2008 1788 2067 sed
1823 2021 1898 2067 ut
1939 2021 2144 2086 ageret
2171 2009 2464 2068 fabulam:
2507 2007 2566 2066 id
2607 2019 2811 2068 tamen

340 2089 535 2149 fuerat
606 2085 720 2144 uod
748 2084 1009 2144 secundo
1048 2083 1184 2142 loco
1210 2097 1336 2143 erat
1378 2085 1663 2144 dicturus.
1746 2086 1982 2147 Deinde
2007 2087 2137 2166 quis
2177 2085 2275 2146 ille
2313 2105 2514 2154 senex,
2543 2085 2643 2145 cui
2668 2087 2816 2145 ado-

338 2167 688 2227 lescentium
716 2174 880 2222 erant
908 2161 1061 2219 datae
1088 2172 1286 2240 partes
1305 2163 1338 2221 ἓ
1378 2165 1526 2230 Quae
1552 2163 1668 2221 illae
1693 2163 1834 2242 ipsae
1861 2165 2318 2224 adolescentium
2347 2176 2541 2243 partes
2563 2165 2593 2222 Ρ
2649 2163 2813 2242 Ego,

340 2257 411 2304 ut
431 2244 591 2325 quod
614 2240 803 2302 sentio
844 2238 1047 2317 paucis
1088 2239 1302 2308 dicam,
1325 2243 1634 2299 verborum
1675 2243 1935 2299 ordinem
1979 2243 2383 2319 perturbatum
2431 2253 2625 2300 tantas
2672 2243 2815 2303 loco

340 2325 614 2384 tenebras
641 2329 787 2399 puto
806 2316 1113 2377 attulisse:
1156 2318 1312 2396 quod
1340 2318 1388 2378 si
1417 2319 1503 2378 its.
1526 2319 1808 2398 legamus,
1839 2321 1917 2378 Id
1932 2319 2133 2377 deinde
2151 2319 2355 2388 dicam,
2422 2318 2626 2376 νίηιιὶηι
2657 2324 2822 2396 quod

344 2402 477 2464 veni
500 2399 753 2479 eloquar,
776 2407 951 2457 erunt
994 2393 1187 2456 omnia
1214 2395 1476 2456 clariora.
1562 2399 1711 2457 Nam
1761 2397 1898 2458 cum
1941 2395 2105 2475 prolo
2147 2395 2166 2452 i
2212 2397 2286 2454 ab
2328 2413 2364 2454 a
2406 2394 2818 2460 olescentibus

340 2481 600 2542 solerent
626 2473 880 2544 recitari,
910 2486 1180 2553 essetque
1209 2474 1281 2533 L.
1313 2475 1619 2535 Ambivius
1646 2495 1850 2546 senex,
1885 2475 1985 2554 qui
2012 2487 2119 2566 pro
2143 2491 2320 2552 ogum
2355 2471 2653 2544 recitaret,
2702 2495 2821 2537 cur

340 2555 803 2619 adolescentium
830 2564 1026 2631 partes
1051 2553 1177 2611 seni
1206 2564 1401 2612 essent
1426 2552 1810 2626 demandatae,
1841 2555 2034 2612 mirari
2055 2553 2306 2631 populus
2326 2555 2458 2630 jure
2479 2552 2812 2629 potuissete

344 2641 515 2714 quus
538 2634 681 2694 facti
724 2649 960 2692 causam
999 2631 1292 2689 dicturum
1336 2651 1400 2690 se
1446 2631 1759 2712 pollicetur
1805 2632 1904 2692 ubi
1948 2650 2128 2710 quare
2154 2641 2394 2690 venerat
2433 2629 2818 2708 explicasset.

340 2715 516 2786 Veni,
542 2711 751 2791 inquit,
782 2721 849 2769 ut
873 2729 950 2768 ex
976 2708 1208 2788 integre
1234 2709 1464 2782 Graecfi,
1493 2710 1782 2788 integram
1811 2709 2160 2770 comoediam
2187 2727 2379 2788 agam,
2407 2728 2540 2786 quae
2565 2729 2644 2768 ex
2671 2710 2815 2768 sim-

342 2791 483 2871 plici
530 2799 876 2869 argumento
904 2788 983 2846 du
1029 2789 1125 2846 lex
1164 2787 1325 2847 facta
1352 2801 1459 2848 est.
1536 2788 1818 2848 Dicerem
1847 2799 1907 2847 et
1935 2791 2070 2866 cuja
2109 2798 2265 2846 esset
2307 2785 2540 2856 Graeca,
2588 2798 2649 2846 et
2689 2787 2814 2848 La-

341 2871 525 2929 tinam
552 2868 681 2946 quis
706 2865 869 2935 fecit,
896 2866 1006 2925 nisi
1039 2877 1263 2945 partem
1289 2867 1542 2926 vestrum
1588 2869 1901 2926 maximam
1947 2866 2104 2926 scire
2140 2865 2472 2926 arbitrarer.
2553 2865 2813 2927 Habetin

344 2966 453 3007 cur
480 2945 756 3016 venerim,
787 2943 977 3002 dicam
1020 2947 1140 3021 Jam
1176 2964 1334 3004 nunc
1375 2965 1481 3005 cur
1519 2955 1717 3024 partes
1751 2947 1871 3004 'bes
1912 2943 2161 3022 prologi,
2209 2963 2341 3022 quae
2387 2955 2556 3003 erant
2581 2945 2812 3004 adoles·

344 3023 627 3093 centium,
675 3043 861 3084 senex
912 3022 1233 3081 didicerim.
1316 3023 1451 3085 Non
1478 3024 1790 3104 prologum
1817 3023 2002 3082 voluit
2027 3043 2121 3081 me
2161 3041 2294 3083 esse
2318 3028 2512 3100 poeta,
2550 3021 2666 3081 hoc
2692 3033 2806 3094 est,

338 3103 556 3164 fabulae
580 3109 987 3184 argumentum
1018 3119 1271 3172 narrare,
1293 3103 1398 3162 sed
1424 3113 1718 3163 oratorem
1745 3103 1911 3172 fecit,
1932 3101 2034 3180 qui
2058 3119 2166 3179 pro
2183 3120 2248 3159 se
2268 3099 2426 3178 apud
2447 3119 2551 3158 vos
2569 3119 2808 3160 causum

342 3183 621 3252 dicerem,
649 3179 929 3241 adversus
956 3198 1057 3238 eos
1086 3199 1366 3251 rumores,
1396 3201 1544 3260 quos
1572 3180 1648 3239 de
1686 3201 1752 3240 se
1779 3180 2044 3239 malevoli
2083 3178 2455 3239 distulerunt.
2504 3177 2808 3240 Contami-

340 3263 513 3321 nfisse
536 3260 765 3321 scilieet
791 3259 1033 3317 Graecas
1060 3258 1291 3323 multas,
1333 3259 1473 3316 dum
1510 3257 1654 3315 facit
1699 3277 1916 3336 paucas
1960 3257 2220 3317 Latinas.
2302 3256 2521 3316 Orator
2545 3275 2694 3335 ergo
2727 3259 2808 3316 a‘d

338 3358 444 3397 vos
469 3339 641 3398 venio
666 3347 877 3396 ornatu
901 3332 1150 3411 prologi.
1230 3333 1327 3391 Ex
1359 3337 1499 3392 Act.
1528 3333 1633 3391 1v.
1659 3353 1820 3395 scen.
1842 3335 1962 3392 111.
2015 3337 2272 3396 Vostrum
2297 3355 2498 3395 senem.
2564 3334 2664 3414 Sy.
2693 3335 2810 3396 imo

340 3417 463 3494 νὴ]
510 3414 637 3474 Ima
665 3413 859 3493 priore
886 3408 1067 3469 brevi.
2769 3424 2776 3433 ‚

841 3633 959 3695 EX
997 3631 1612 3696 INSCRIPTIONE
1657 3633 2294 3697 ADELPHORUM.

930 3737 1097 3814 Mihi
1118 3738 1198 3798 sic
1224 3737 1518 3817 inscriptio
1540 3737 1661 3798 haec
1687 3737 1912 3798 videtur
1937 3738 2173 3820 legenda
2192 3762 2213 3796 .-

422 3839 734 3896 Annnrm
764 3834 1047 3894 Terentii.
1130 3835 1291 3894 Acta
1334 3833 1486 3892 l-udis
1543 3833 1906 3894 Funebribus
1951 3835 2022 3894 L.
2069 3835 2285 3894 AEmil.-
2308 3835 2515 3906 Pau1.;
2537 3839 2638 3902 -Ω,
2665 3837 2809 3902 Fab.

340 3915 593 3976 Maxim.
674 3915 743 3974 P.
792 3913 1067 3974 Cornelio
1115 3913 1399 3972 Africano
1448 3911 1742 3972 AEdilibus
1786 3913 2118 3974 curulibus.
2201 3913 2399 3992 Egere
2435 3915 2520 3974 L.
2561 3915 2811 3979 Attilius

337 3993 751 4063 Praenestinus,
781 3991 853 4050 L.
876 3992 1189 4052 Numidius
1211 3991 1586 4051 Posthum-us.
1665 3991 1884 4051 Modos
1909 3992 2051 4050 feeit
2075 3993 2281 4053 Claud.
2302 3993 2572 4064 Flaccus,
2595 3992 2808 4054 Claud.

312 4072 508 4142 filius,
554 4072 709 4132 tibiis
751 4068 993 4130 dextris.
1076 4070 1259 4130 Facto
1302 4070 1516 4128 Latina
1541 4080 1632 4128 est
1673 4070 1716 4130 e·
1754 4069 1968 4130 Graeca
2015 4069 2410 4144 Menandrou,
2465 4072 2540 4134 L.
2595 4071 2808 4134 Anicio

340 4151 537 4222 Gallo,
568 4151 660 4209 M.
696 4150 973 4211 Cornelio
1003 4149 1273 4226 Cethego
1302 4149 1470 4208 Coss.

414 4229 527 4290 Ex·
544 4231 687 4289 Acct.
718 4229 765 4287 1.
792 4245 951 4288 scen.
978 4227 1063 4285 11.
1108 4226 1248 4286 Nisi
1271 4224 1544 4304 quicquid
1556 4226 1690 4301 κὴ]
1737 4226 1875 4284 Nisi
1899 4245 2006 4303 pro
2032 4227 2145 4286 sed.
2189 4228 2288 4288 Ex
2309 4229 2450 4288 Act.
2471 4229 2558 4288 11.
2573 4245 2738 4290 scen.
2754 4227 2810 4288 1.

416 4309 595 4369 Db'mb‘
614 4315 696 4367 ηιξ
720 4307 949 4385 eripuit,
980 4303 1317 4374 verberavit,
1342 4324 1431 4362 me
1452 4302 1629 4363 invito
1655 4303 1892 4362 abduxit
1917 4324 2113 4362 meam.

414 4390 609 4450 Domo
646 4407 731 4446 me
756 4405 805 4454 e,
834 4393 1165 4461 anapaestus
1208 4399 1337 4441 esse
1371 4379 1640 4439 videtur:
1683 4380 1938 4458 alioquin
1965 4399 2084 4442 non
2113 4385 2405 4444 constabit
2445 4383 2810 4446 trochaicus.

339 4468 648 4526 Ablativos
662 4483 793 4528 esse
808 4463 1013 4543 primo,
1033 4480 1185 4526 vero,
1202 4460 1335 4527 cito,
1356 4457 1568 4527 sedulo,
1593 4465 1802 4524 mutuo,
1823 4457 2036 4528 crebro,
2053 4481 2198 4532 sero,
2215 4463 2548 4542 ultimisque
2567 4481 2814 4540 correp-

335 4541 410 4599 tis
438 4546 555 4604 dici
584 4545 833 4613 interim,
856 4559 1028 4600 nemo
1050 4537 1255 4596 nescit.
1300 4536 1441 4594 Act.
1474 4535 1544 4594 V.
1563 4553 1722 4593 scen.
1745 4533 1915 4594 v111.
1934 4537 2126 4599 animo
2147 4551 2470 4599 extremam
2501 4541 2816 4620 corripere

331 4617 750 4684 adnotavimus.
834 4623 914 4680 Et
944 4621 1085 4677 Act.
1113 4615 1224 4673 IV.
1248 4633 1407 4672 scen.
1430 4613 1479 4671 Ι.
1528 4613 1709 4682 Quasi
1739 4619 1973 4694 puero]
2023 4619 2218 4677 Puero
2258 4615 2660 4694 dissyllabum.
2727 4617 2818 4678 Et

329 4709 488 4751 scen.
514 4699 597 4758 11.
674 4702 814 4761 Nisi
837 4721 923 4761 me
946 4694 1162 4770 creda]
1208 4691 1345 4754 Nisi
1368 4711 1477 4772 pro
1501 4693 1617 4752 secl.
1665 4691 1918 4760 Quonam
1937 4697 1969 4754 ἒ
2009 4693 2112 4774 Sy.
2137 4691 2256 4753 illic
2279 4692 2393 4767 ubi,
2421 4694 2526 4771 ᾅτ.
