3067 4959
294 310 397 375 cis
1166 299 1899 369 PROLEGOMENA

300 462 625 533 comoedioe,
642 482 817 543 quam
838 462 941 523 dat
966 460 1269 523 Terentio.
1352 460 1441 521 Ut
1460 462 1509 521 si
1573 460 1663 521 uis
1689 458 1986 521 uberrimo
2011 459 2298 521 sermonis
2321 480 2546 539 genere
2571 463 2768 523 heroi-

303 564 437 602 cum
466 541 706 603 definiat
734 546 1001 622 poe'tam:
1032 553 1092 601 et
1120 541 1237 599 hoc
1261 540 1483 599 tribuat
1564 538 1776 617 irgilio.
1857 538 2050 597 Aulus
2071 538 2323 611 Gellius,
2351 539 2454 599 lib.
2475 539 2620 600 vn.
2635 562 2770 621 cap.

304 622 461 679 xiii.:
521 622 665 681 Vera
690 630 877 681 autem
904 630 961 681 et
986 620 1229 701 propria
1256 619 1529 699 ςῑωηιοάί
1543 620 1880 697 firmarum
1905 616 2179 753 exeuIipIa,
2205 618 2267 677 iu
2295 616 2498 699 linguei
2527 618 2764 693 Latina,

310 700 402 761 M.
444 701 627 759 Varro
650 720 766 759 esse
790 698 950 765 dicit,
978 698 1251 757 ubertatis
1279 698 1617 766 Pacuvium,
1639 695 1992 775 gracilitatis
2077 695 2328 769 acilium,
2357 698 2767 759 mediocritatis

312 778 661 837 Terentium.
736 779 887 843 Quae
912 788 1000 835 est
1028 776 1104 835 de
1130 775 1455 841 comoediae,
1485 774 1978 853 quemadmodum
2000 774 2060 833 in
2085 774 2304 835 scholis
2329 776 2644 855 loquimur,
2671 798 2766 837 es-

304 856 514 915 sentia.
594 856 749 915 Cum
807 856 1049 913 Plautus
1088 872 1245 932 soepe
1290 853 1540 931 tragico,
1585 871 2002 931 nonnunquam
2049 871 2288 944 quoque
2327 854 2500 925 serio,
2547 866 2767 915 utatur.

306 936 477 1000 Quan
524 952 652 993 uam
681 932 762 992 ibi
788 933 926 991 sane
952 952 1163 1001 sermo,
1195 943 1257 991 ut
1284 932 1477 1010 priore
1504 931 1640 989 loco
1659 930 1694 990 a
1722 931 1988 991 Varrone
2007 930 2316 1009 accipitur.
2381 932 2591 991 Sermo
2607 936 2764 995 enim

306 1024 369 1071 et
394 1010 452 1070 ‘ro'
477 1010 598 1086 ηθος
626 1012 919 1081 differunt,
950 1024 1017 1070 ut
1056 1011 1233 1069 homo
1260 1008 1766 1089 prudentissimus,
1795 1020 1856 1067 et
1885 1008 2122 1069 foemina
2149 1029 2282 1088 quae
2307 1010 2454 1088 pure
2481 1010 2766 1101 loquitur.

307 1090 511 1155 Qualis
538 1090 753 1149 dicitur
778 1090 1187 1149 Gracchorum
1228 1100 1433 1147 mater.
1513 1090 2010 1166 Unumquemque
2038 1088 2193 1146 enim
2219 1088 2384 1147 recte
2410 1108 2765 1168 exprimere,

304 1182 367 1229 et
394 1169 705 1228 humanam
726 1170 941 1246 optime
958 1168 1253 1227 delineare
1268 1165 1467 1237 vitam,
1486 1184 1748 1225 summus
1763 1177 1942 1243 atque
1963 1178 2268 1225 extremus
2291 1164 2396 1223 viri
2423 1180 2603 1245 atque
2622 1188 2766 1229 auc-

303 1246 449 1307 toris
474 1246 710 1307 maximi
740 1258 985 1307 conatus
1012 1257 1118 1304 est.
1202 1245 1390 1304 Recte
1414 1244 1777 1321 grammatici
1807 1246 1882 1303 ad
1912 1244 2299 1322 Sophoclem:
2329 1242 2494 1303 Ἔστι
2526 1246 2580 1303 δὲ
2603 1248 2764 1307 τοῦτο

302 1324 569 1404 μέγιστον
595 1327 649 1383 ἐν
676 1325 933 1403 ποιητικῇ,
965 1324 1149 1398 δηλοῦν
1175 1318 1315 1397 ἦθος.
1400 1324 1503 1381 Est
1531 1332 1718 1383 autem
1743 1320 1892 1381 illud
1911 1323 2214 1381 maximum
2233 1324 2294 1382 in
2309 1325 2546 1402 po‘e'tke,
2571 1328 2764 1406 estpri-

306 1424 457 1464 mere
482 1405 657 1465 ethos.
724 1404 1003 1463 Debebat
1025 1400 1337 1471 addidisse,
1366 1401 1425 1460 in
1454 1401 1772 1461 dramatis&
1809 1400 2150 1479 prasertim.
2219 1400 2300 1459 Et
2329 1402 2614 1461 Horatius
2641 1416 2764 1463 tam

305 1482 523 1552 multis,
550 1482 727 1541 vitam
768 1481 1071 1559 tragoediae
1094 1478 1153 1539 τὸ
1177 1475 1299 1554 ἦθος
1326 1498 1453 1539 esse
1480 1479 1704 1538 docuit.
1790 1479 2142 1539 Aristoteles
2165 1479 2324 1548 vero,
2354 1480 2528 1539 etiam
2555 1480 2616 1539 in
2644 1493 2764 1541 tra-

306 1560 524 1638 guz-dia,
552 1572 686 1639 post
712 1560 1024 1627 actionem,
1054 1558 1264 1636 (quam
1286 1558 1540 1616 fabulam
1570 1557 1796 1635 plerum
1841 1576 1916 1615 ue
1941 1556 2162 1629 vocat.)
2181 1576 2316 1635 quoe
2333 1558 2600 1618 essentiae
2627 1578 2763 1637 pars

304 1640 508 1715 prima,
530 1650 757 1729 partem
778 1638 1046 1697 essentia:
1062 1636 1381 1697 secundam
1399 1635 1706 1695 constituit
1719 1634 1936 1709 τὸηθος.
1979 1636 2200 1695 Mirum
2221 1647 2312 1695 est
2327 1649 2545 1707 autem,
2563 1638 2762 1697 locum

306 1716 586 1775 Varronis
612 1718 649 1774 a
674 1716 905 1775 nemine
946 1715 1329 1773 intellectum.
1410 1714 1527 1781 Qui
1571 1714 1709 1773 curn
1750 1715 2000 1791 palmam
2031 1714 2091 1772 in
2129 1716 2491 1791 argumentis
2519 1717 2764 1777 Caecilio

304 1796 600 1866 concedit,
642 1794 961 1874 principem
1002 1794 1308 1853 comoediae
1348 1792 1506 1851 haud
1547 1792 1730 1851 dubio
1769 1792 2070 1853 Caecilium
2115 1793 2440 1852 constituit.
2517 1796 2760 1860 Quare?

307 1873 453 1933 Pars
480 1874 781 1952 tragoediae
810 1872 1103 1951 praecipua
1132 1885 1225 1931 est
1260 1883 1696 1949 argumentum.
1773 1870 2126 1931 Aristoteles
2153 1868 2326 1929 modo
2361 1870 2545 1948 μῦθον,
2585 1874 2759 1931 modo

303 1951 417 2009 τῶν
457 1952 809 2031 πραγμάτων
852 1950 1107 2020 σύνθεσιν,
1152 1970 1362 2011 vocare
1400 1950 1590 2009 solet:
1636 1948 1738 2027 qui
1765 1961 1825 2008 et
1857 1948 2054 2009 multis
2079 1949 2312 2027 probat,
2341 1969 2476 2009 eum
2519 1950 2619 2029 qui
2642 1950 2758 2011 hac

384 2043 474 2091 rte
498 2032 761 2102 excellit,
790 2032 965 2091 etiam
996 2030 1044 2087 si
1072 2029 1300 2088 caeteris
1328 2028 1702 2098 destituatur,
1733 2027 2116 2087 dramaticum
2159 2030 2396 2105 poetam
2423 2029 2540 2087 dici
2567 2048 2760 2108 posse.

304 2050 451 2167 mrs-
478 2111 736 2169 secunda
762 2121 855 2169 est
879 2108 939 2166 τὸ
966 2104 1119 2182 ἦθοςε
1163 2108 1320 2187 quod
1351 2107 1487 2166 cum
1518 2107 1802 2167 Terentio
1828 2106 2144 2184 assignavit
2179 2106 2390 2177 Varro,
2437 2106 2632 2167 locum
2675 2108 2760 2165 illi

302 2187 637 2265 proximum
664 2187 957 2246 concedit.
1038 2188 1215 2251 Quod
1242 2204 1357 2243 non
1387 2197 1585 2263 potest
1609 2186 1900 2263 ignorare,
1941 2184 2042 2263 qui
2069 2183 2338 2262 antiquos
2365 2185 2622 2253 criticos,
2649 2186 2762 2243 im·

345 2263 503 2321 rimis
528 2276 723 2321 autem
756 2263 1157 2330 Aristotelem,
1200 2281 1337 2321 cum
1378 2266 1519 2321 cura
1559 2263 1726 2341 legit,
1769 2282 1842 2323 ac
1889 2262 2182 2340 intelligit.
2265 2263 2560 2321 Sermonis
2602 2266 2758 2323 enim

324 2358 449 2409 aus,
479 2358 652 2417 quam
686 2340 898 2399 Plauto
925 2341 1101 2400 tribui
1130 2342 1203 2399 ab
1230 2358 1304 2400 eo
1320 2340 1545 2414 volunt,
1568 2342 1796 2401 tantum
1817 2343 1986 2401 abest
2007 2352 2074 2401 ut
2091 2360 2224 2399 cum
2243 2340 2476 2418 reliquis
2497 2342 2758 2401 conferri

344 2417 504 2487 ossit,
536 2429 601 2477 ut
630 2430 925 2497 postremo
950 2420 1105 2485 loco,
1147 2430 1209 2479 et
1234 2431 1370 2497 post
1394 2420 1493 2494 τήν
1522 2418 1772 2491 διάνοιαν,
1803 2432 2074 2497 ponatur.
2139 2424 2336 2486 Quare
2360 2436 2434 2477 ex
2461 2420 2780 2480 sententia-

362 2496 603 2565 arronis,
646 2498 743 2576 qui
774 2496 873 2557 hic
903 2497 1283 2557 Aristotelem
1313 2497 1628 2577 expressit,
1657 2501 1880 2576 primus
1906 2509 1994 2557 est
2024 2497 2316 2568 Caecilius,
2341 2498 2638 2557 secundus
2665 2510 2758 2557 est

308 2574 656 2635 Terentius:
700 2596 846 2655 quos
874 2576 1088 2634 deinde
1122 2576 1362 2633 Plautus
1388 2577 1706 2653 sequitur.·
1755 2577 1931 2642 Quod
1973 2576 2232 2635 debebat
2271 2576 2562 2652 cogitasse
2589 2576 2758 2637 Siren

300 2651 408 2709 aevi
438 2654 617 2711 nostri
647 2656 856 2715 Justus
882 2654 1149 2731 Lipsius:
1196 2654 1297 2732 qui
1337 2656 1604 2733 profecto
1630 2656 1824 2713 locum
1853 2655 2064 2713 summi
2116 2656 2516 2713 Romanorum
2565 2655 2758 2715 critici

300 2748 417 2787 non
446 2732 791 2809 penetravit.
866 2731 941 2791 To'
966 2728 1088 2805 ἦθος
1116 2747 1310 2791 autem
1341 2734 1554 2860 {lauto
1583 2734 1870 2793 Horatius
1896 2732 2214 2809 abjudicat,
2243 2732 2384 2791 cum
2413 2732 2620 2812 inquit,

1155 2828 1205 2859 as
1236 2812 1273 2858 it
1382 2812 1533 2859 lautus

558 2872 667 2929 Quo
688 2883 820 2937 pacto
842 2884 991 2939 partes
1014 2884 1184 2924 tutetur
1204 2828 1395 2924 Emffntis
1416 2876 1590 2938 ephebi.
2358 2893 2367 2903 ·

380 2936 460 2996 Et
488 2936 717 2997 videtur
746 2941 1062 2999 Charinum
1093 2942 1363 2999 habuisse
1390 2940 1445 2997 in
1475 2942 1710 2999 animo:
1753 2940 1862 3019 qui
1899 2940 2259 3005 Mercatore,
2297 2938 2360 2998 τό
2397 2936 2618 3018 μανικὸν
2656 2942 2750 2996 καὶ

298 3014 359 3073 τὸ
378 3014 622 3093 ἐρωτικὸν
644 3017 954 3077 confundit
980 3016 1113 3093 ἦθος.
1174 3020 1309 3077 Hoc
1339 3030 1449 3087 est,
1476 3019 1559 3078 ita
1586 3032 1762 3090 amat,
1786 3031 1852 3077 ut
1882 3017 2288 3076 Menaechmus
2313 3018 2476 3077 furit.
2537 3018 2754 3077 Furere

297 3109 493 3154 autem
524 3116 643 3175 pra:
670 3115 890 3167 amore,
912 3097 1216 3157 comoediae
1245 3116 1357 3155 aon
1388 3095 1527 3173 ἦθος,
1549 3098 1652 3156 sed
1681 3096 1984 3175 tragoediae
2003 3107 2094 3155 est
2113 3094 2302 3164 πάθος·
2326 3108 2393 3156 ut
2408 3116 2484 3156 ex
2510 3096 2758 3156 Phaedra

296 3174 423 3233 aliis
469 3194 541 3233 ue
568 3188 751 3254 patet.
830 3180 1029 3243 Quare
1049 3178 1078 3233 Ρ
1120 3176 1255 3255 quia
1280 3174 1449 3242 πάθος
1476 3176 1714 3255 aliquod
1743 3178 1991 3233 immane
2019 3186 2420 3251 exspectatur,
2451 3175 2608 3253 quod
2638 3186 2756 3233 tra-

340 3252 551 3311 oediam
581 3254 904 3324 constituit,
934 3267 999 3312 ut
1025 3254 1347 3331 μετάβασις
1390 3256 1700 3313 conveniat
1739 3254 1975 3312 furenti.
2059 3252 2176 3311 Sed
2204 3254 2332 3311 haec
2359 3252 2612 3311 triviales
2635 3272 2754 3309 non

294 3330 667 3406 intelligunt:
709 3332 807 3409 qui
847 3352 1137 3391 summum
1168 3332 1353 3389 virum
1386 3330 1766 3390 Aristotelem
1796 3345 1913 3390 tam
1943 3330 2114 3389 facile
2141 3342 2542 3401 contemnunt,
2571 3330 2747 3407 quam

294 3425 401 3463 nos
428 3419 491 3463 et
508 3408 735 3483 judicia
762 3410 989 3467 illorum
1019 3420 1079 3465 et
1106 3408 1413 3487 magistros
1454 3410 1666 3467 merito
1695 3411 2140 3478 contemnimus,
2168 3410 2376 3489 quibus
2403 3424 2745 3486 persuasum

294 3494 403 3550 est,
434 3502 665 3541 omnem
696 3505 887 3544 veram
917 3486 1305 3545 eruditionem
1342 3506 1418 3543 ex
1448 3486 1564 3543 hoc
1607 3507 1724 3545 uno
1767 3487 1932 3547 fonte
1967 3487 2360 3567 limpidissimo
2406 3484 2746 3563 petendam.

294 3560 583 3619 Charinus
608 3572 804 3619 autem
836 3564 1049 3633 Plauti,
1078 3566 1153 3623 ad
1182 3564 1559 3643 frigiditatem
1591 3586 1774 3643 usque
1797 3566 1974 3638 calet,
1997 3586 2170 3647 quam
2199 3584 2314 3624 non
2330 3562 2520 3645 potuit
2537 3560 2748 3622 vitare.

292 3637 507 3703 Qualia
532 3650 668 3696 sunt
696 3639 824 3709 ista,
852 3644 1029 3701 scena
1060 3642 1267 3701 vivam
1290 3652 1459 3720 atque
1476 3642 1762 3705 bominum
1785 3668 1809 3703 .·

813 3721 912 3783 jam
936 3720 1143 3783 Cyprum
1166 3722 1281 3776 veni,
1302 3722 1387 3785 40.

366 3780 517 3839 Item

523 3823 692 3907 ’Porro
712 3860 973 3923 proficiscor
992 3864 1261 3925 quesitum:
1302 3880 1423 3912 nune
1444 3865 1629 3927 perveni
1653 3864 1931 3913 Chalcidem.

542 3922 691 3971 Video
710 3926 769 3973 ihi
790 3928 1011 3989 hospitem
1036 3928 1269 3989 Zacyntho
1290 3944 1302 3977 ε
1336 3930 1437 3977 dieo
1459 3928 1566 3990 quid
1587 3926 1643 3976 eo
1663 3931 1948 3977 advenerim:

538 3986 715 4051 Rogita
735 3992 837 4051 quis
856 4008 957 4039 eam
978 3992 1166 4047 vexerit,
1190 3994 1291 4053 quis
1313 3994 1482 4047 habeat,
1506 3995 1544 4040 si
1563 3994 1846 4041 inaudiverit.

422 4112 436 4125 .
538 4052 726 4114 Hospes
746 4057 987 4117 respondit,
1010 4056 1245 4119 Zacyntho
1264 4058 1377 4105 ficus
1398 4058 1492 4104 fieri
1514 4072 1608 4104 non
1629 4058 1784 4106 malas.

358 4110 545 4175 Vides
570 4115 865 4177 hominem
892 4134 1013 4179 tam
1039 4122 1285 4191 tristem,
1330 4134 1395 4179 ut
1423 4122 1662 4180 festivus
1691 4142 1818 4181 esse
1846 4133 2094 4201 quaerat.
2178 4124 2263 4181 At
2291 4120 2520 4179 divinus
2547 4118 2659 4178 hac
2686 4119 2746 4177 in

278 4204 468 4271 parte,
488 4192 636 4253 duos
650 4210 941 4259 amatores
959 4200 1019 4256 in
1041 4199 1352 4270 Eunucho,
1370 4219 1479 4257 suo
1498 4218 1678 4269 more,
1703 4200 2026 4260 Phaedriam
2045 4212 2108 4261 et
2125 4202 2455 4271 Chaeream,
2473 4196 2748 4258 divinitus

281 4283 593 4352 utrumque
619 4268 861 4346 ἠθοποιεῖ.
939 4279 1138 4343 Quare
1160 4276 1292 4337 cum
1358 4280 1507 4335 oe'tae
1530 4296 1751 4347 omnes,
1775 4298 2022 4357 quorum
2053 4279 2381 4338 imitatione
2403 4288 2635 4337 constat
2657 4274 2748 4332 in-

276 4352 546 4411 stitutum
565 4370 635 4411 ac
652 4352 977 4421 consilium,
994 4355 1287 4434 pictorum
1312 4366 1511 4425 instar,
1531 4367 1682 4414 teste
1705 4356 2056 4415 Criticorum
2079 4377 2219 4436 rege
2241 4377 2314 4415 ac
2337 4354 2622 4435 principe,
2643 4364 2749 4412 aut

275 4430 511 4516 similes,
538 4443 642 4491 aut
670 4431 859 4508 (quod
886 4452 1002 4491 non
1033 4433 1162 4491 raro
1183 4433 1397 4503 evenit,
1422 4432 1508 4492 vel
1538 4432 1806 4511 imperite
1835 4432 2006 4505 καέἐξ
2031 4433 2335 4505 ἀσθενείας,
2355 4434 2448 4493 vel
2468 4430 2746 4511 captandi

273 4506 421 4565 risus
448 4510 650 4585 causa)
680 4528 835 4569 nunc
902 4516 1089 4587 ejores
1116 4511 1293 4591 quam
1320 4524 1475 4582 sunt,
1505 4512 1860 4591 exprimant,
1890 4532 2048 4575 nunc
2091 4516 2382 4583 meliores,
2411 4530 2610 4572 servos
2636 4527 2746 4587 pe-

261 4585 423 4672 jores
446 4586 710 4658 Plautus,
734 4600 799 4649 ut
818 4608 856 4667 p
882 4589 1150 4660 utimum,
1172 4590 1483 4650 Terentius
1501 4592 1608 4649 hos
1629 4610 1862 4669 semper
1885 4592 2122 4663 similes,
2152 4611 2270 4649 non
2293 4590 2591 4658 meliores:
2619 4606 2744 4645 me-

274 4670 513 4753 'etsflcae
539 4667 678 4723 vero
705 4668 915 4743 partim
940 4668 1177 4740 similes,
1208 4670 1418 4747 partim
1448 4668 1716 4729 meliores
1742 4669 2056 4749 aliquando
2074 4667 2436 4727 introducit:
2487 4664 2742 4734 Similes,

273 4747 337 4788 ut
376 4735 648 4799 lha'i'dem
672 4762 686 4797 :
732 4746 1116 4821 meliores,·ut
1148 4748 1524 4809 Bacchidem.
1609 4748 1901 4807 Parasitus
1927 4764 2162 4825 semper
2186 4744 2518 4805 deteriores
2545 4754 2612 4805 et
2637 4762 2743 4801 vo-
