3067 4959
1257 308 1677 373 TERENTI
1686 308 1903 372 ANA.
2570 311 2797 375 lxxxiii

791 498 1249 577 JOANNIS
1305 498 1585 573 mvn
1639 441 2330 575 CASTIGATJO.

407 618 562 679 Cuu
585 615 891 693 prodiisset
911 636 1066 675 anno
1080 617 1296 677 abhinc
1315 616 1440 677 fere
1457 617 1709 695 septimo
1731 616 2063 685 Terentius,
2081 614 2399 675 doctissimi
2413 614 2517 673 viri
2540 612 2791 693 Philippi

323 694 768 757 Melancthonis
792 698 972 775 opera
990 695 1410 775 diligentiaque
1424 696 1751 765 restitutus,
1775 696 1891 755 una
1910 714 2045 755 cum
2068 693 2427 772 argumentis
2446 692 2711 771 ejusdem
2732 704 2795 752 et

323 773 860 843 annotatiunculis3
887 793 1002 833 non
1032 774 1324 833 mehercle
1355 774 1470 833 dici
1498 786 1714 853 potest,
1746 773 2029 853 quantum
2050 771 2165 831 hoc
2188 773 2421 831 nomine
2440 772 2635 829 statim
2658 790 2799 849 gra«

327 852 635 914 tulandum
661 852 937 912 studiosis
963 852 1230 911 omnibus
1257 851 1635 911 existimarim
1658 874 1677 911 ε
1702 854 1881 931 idque
1900 855 2036 930 jure
2055 850 2205 909 adef>
2220 869 2289 909 ac
2316 847 2540 909 merito.
2608 849 2793 908 Vide-

327 934 468 993 bam
486 930 644 989 enim
659 930 786 989 fore
801 930 986 999 brevi,
1010 942 1078 989 ut
1091 932 1346 1008 optimus
1362 930 1701 991 Latinitatis
1717 933 1947 1001 author,
1960 929 2059 1010 qui
2076 928 2393 987 innumeris
2411 929 2549 987 ante
2568 927 2795 986 mendis

329 1011 622 1079 scatebat,
652 1026 810 1069 nunc
837 1008 1012 1087 paulo
1038 1009 1376 1087 castigatior
1403 1010 1611 1087 majori
1637 1030 1771 1070 cum
1800 1010 2121 1088 voluptate,
2163 1018 2343 1086 atque
2381 1005 2531 1066 adeo
2570 1008 2793 1083 majore

327 1106 466 1149 cum
491 1088 690 1147 fructu
719 1088 894 1166 quam
923 1098 1116 1155 antea,
1151 1088 1186 1145 ὲ
1211 1087 1628 1165 ludimagistris
1649 1088 1921 1167 pueritioe
1956 1086 2376 1165 perlegeretur.
2455 1086 2604 1151 Quoe
2644 1084 2791 1143 adeo

325 1186 444 1227 non
471 1165 682 1225 fefellit
709 1169 1074 1244 conjectura,
1107 1179 1172 1227 ut
1195 1166 1492 1225 distractis
1521 1186 1737 1245 magno
1765 1166 2225 1245 Bibliopolarum
2252 1162 2565 1225 commodo
2588 1180 2793 1221 exem·

323 1244 606 1325 plaribus,
629 1263 830 1305 rursus
851 1245 1072 1305 excudi
1093 1258 1326 1324 coeptus
1349 1246 1426 1305 sit
1448 1246 1911 1324 Wittembergae,
1936 1264 2075 1305 mox
2102 1244 2141 1303 a
2156 1246 2195 1304 J
2199 1263 2387 1303 oanne
2406 1243 2647 1304 Secerio
2674 1242 2793 1300 Ha·
2894 1246 2899 1253 '

443 1344 532 1383 ote
552 1347 570 1392 ς
593 1326 728 1402 post
755 1324 932 1383 etiam
963 1322 1414 1401 Norimbergae;
1452 1337 1739 1401 praeterea
1762 1325 1921 1403 apud
1948 1323 2250 1385 Coloniam
2286 1320 2691 1459 Αςνὶρὲἱηιω,
2718 1320 2793 1379 ab

387 1401 626 1461 achario
646 1402 900 1479 primum
931 1401 1334 1471 Cervicorn03
1371 1402 1585 1461 iterum
1622 1403 1659 1459 a
1696 1404 1929 1463 Joanne
1968 1403 2215 1469 Sotere3
2252 1401 2427 1461 tertio
2506 1399 2718 1478 enique
2758 1398 2795 1455 a

327 1482 562 1543 Joanne
589 1481 904 1559 Gymnieo,
933 1482 1058 1540 viro
1087 1481 1332 1559 optimo,
1361 1492 1424 1540 et
1445 1481 1585 1539 mihi
1602 1496 1801 1541 vetere
1829 1479 2260 1541 necessitudine
2280 1478 2759 1559 conjunctissimo
2776 1500 2803 1546 ς·

317 1559 402 1619 ad
429 1560 558 1619 haec
583 1559 918 1637 Moguntioe
943 1560 1254 1640 aliquoties
1281 1572 1344 1619 et
1373 1560 1791 1637 Argentorati3
1818 1572 1885 1619 nt
1900 1560 1977 1618 de
1998 1558 2225 1618 ceteris
2246 1570 2495 1617 taceam.
2548 1557 2795 1618 Interim

325 1637 460 1699 cum
487 1638 614 1717 ipse
640 1659 880 1718 quoque
905 1658 1044 1701 eum
1071 1640 1380 1698 authorem
1407 1637 1683 1697 studiosis
1711 1639 2055 1718 quibusdam
2084 1638 2469 1697 enarrandum
2509 1636 2796 1715 suscepis-

326 1736 470 1787 sem,
497 1718 654 1777 sensi
682 1718 918 1777 tandem
948 1718 1007 1776 id
1037 1718 1200 1795 quod
1227 1730 1377 1785 erat,
1407 1716 1911 1785 Melancthonem,
1940 1716 2303 1795 gravioribus
2334 1717 2509 1773 rebus
2536 1733 2793 1793 occupa-

327 1807 476 1863 tum,
499 1809 684 1873 utque
713 1796 864 1873 ipse,
884 1816 994 1873 pro
1017 1798 1126 1855 sua
1151 1794 1458 1867 modestia,
1481 1796 1741 1873 ingenue
1764 1795 2001 1861 fatetur.
2022 1794 2317 1853 veteribus
2330 1792 2619 1871 exemplis
2637 1792 2802 1853 haud-

329 1872 471 1933 satis
497 1873 872 1943 instructum,
901 1892 1018 1933 non
1056 1876 1130 1935 ab
1157 1874 1428 1935 omnibus
1454 1873 1693 1933 omnino
1734 1873 1959 1934 mendis
2000 1873 2177 1946 (absit
2202 1872 2433 1931 ‘invidia
2472 1871 2662 1947 dicto)
2692 1890 2795 1929 co-

331 1951 472 2011 mici
490 1952 674 2011 nostri
699 1950 926 2011 fabulas
939 1952 1238 2013 vindicare
1264 1953 1548 2031 potuisse.
1627 1954 1707 2012 Et
1728 1954 1849 2030 jam
1870 1972 1979 2030 per
2004 1963 2187 2010 totam
2214 1950 2397 2028 prope
2418 1948 2795 2008 Germaniam

333 2028 502 2087 nulla
535 2028 710 2087 facilc
733 2041 946 2107 praeter
975 2030 1226 2109 Philippi
1253 2030 1613 2109 exemplaria
1640 2032 2059 2109 probabantur,
2086 2041 2190 2089 aut
2217 2028 2480 2087 manibus
2518 2027 2795 2087 studiosa}

323 2106 660 2184 juventutis
705 2110 1060 2166 terebantur.
1137 2109 1208 2167 Id
1237 2110 1432 2168 eximii
1463 2110 1571 2167 viri
1598 2108 1918 2169 auctoritas
1944 2107 2223 2177 effecerit,
2246 2126 2320 2166 an
2350 2106 2476 2185 ipsa
2502 2126 2595 2165 res
2616 2117 2797 2183 atque

335 2184 563 2244 utilitas
589 2184 922 2255 extorserit,
945 2187 1082 2245 nihil
1113 2187 1301 2246 habeo
1327 2188 1545 2247 dicere.
1626 2190 1777 2254 Quae
1796 2206 1903 2246 nos
1930 2186 2165 2265 quidem
2193 2201 2287 2245 res
2316 2183 2565 2264 primum
2594 2185 2795 2257 movit,

335 2276 408 2322 ut
435 2264 766 2343 perquisitis
786 2262 1035 2345 antiquis
1063 2267 1513 2345 exemplaribus,
1538 2279 1598 2325 et
1627 2266 2036 2345 manuscriptis
2062 2264 2461 2343 evimpressis,
2483 2264 2645 2323 locos
2664 2265 2798 2345 plu·
2835 2320 2841 2325 .

333 2342 512 2401 timos
551 2342 918 2421 depravatos,
961 2362 1108 2424 quos
1147 2344 1246 2404 ille
1285 2346 1692 2405 inemendatos
1732 2347 2069 2424 reliquerat,
2108 2343 2405 2421 corrigere
2432 2362 2797 2403 conaremur.

332 2422 492 2489 Quid
519 2423 720 2479 nostra
745 2422 1048 2501 diligentia
1071 2424 1378 2483 consecuti
1401 2426 1603 2493 simus,
1641 2424 1887 2484 aliorum
1918 2436 2045 2483 esto
2078 2423 2387 2501 judicium.
2470 2424 2609 2482 Hoc
2634 2423 2799 2484 certe

325 2503 462 2577 jure
487 2499 776 2560 affirmare
799 2521 970 2579 posse
995 2502 1218 2571 videor,
1249 2522 1326 2561 ex
1353 2502 1649 2594 impressis
1674 2504 1897 2563 nullum
1924 2503 2149 2580 uspiam
2171 2515 2375 2561 extare
2400 2501 2577 2561 bodie
2596 2521 2799 2561 exem·

331 2579 478 2657 piar,
507 2580 714 2659 quoin
741 2580 1066 2657 exemplari
1103 2580 1304 2658 plures
1342 2581 1457 2641 loci
1487 2583 1739 2641 correcti
1769 2582 1887 2641 sint
1926 2582 2099 2677 quam
2140 2581 2198 2639 in
2240 2600 2313 2639 eo
2353 2580 2510 2658 quod
2550 2600 2658 2639 nos
2692 2580 2799 2640 ali-

334 2658 568 2737 quando
593 2658 652 2717 in
683 2658 984 2737 publicum
1012 2659 1208 2717 daturi
1234 2678 1456 2718 sumus.
1539 2662 1609 2720 ld
1636 2662 1719 2719 ita
1746 2680 1875 2720 esse
1894 2681 2029 2721 cum
2056 2678 2171 2728 res,
2196 2671 2261 2716 ut
2280 2672 2444 2737 puto,
2464 2659 2795 2729 testabitur,

333 2749 458 2794 tum
485 2736 668 2797 editio
695 2738 830 2796 olim
859 2751 1082 2807 nostra,
1107 2738 1156 2795 si
1184 2758 1320 2798 cum
1349 2738 1476 2797 aliis
1501 2740 1861 2800 conferatur.
1946 2737 2177 2799 Etenim
2204 2738 2259 2795 vi
2301 2738 2526 2796 summa
2558 2738 2799 2817 jampri-

335 2814 489 2886 dem,
518 2828 698 2894 atque
723 2817 881 2874 omni
923 2836 1059 2895 ope,
1101 2828 1166 2874 et
1203 2816 1337 2894 plus
1375 2816 1615 2876 demum
1657 2820 1829 2899 quam
1873 2838 1981 2894 pro
2008 2816 2157 2875 virili
2201 2828 2387 2893 parte,
2428 2828 2497 2873 ut
2538 2818 2799 2875 omnium

335 2904 472 2953 ante
497 2913 606 2953 nos
633 2894 1094 2972 recognitionem
1119 2896 1508 2966 vinceremus,
1538 2896 1963 2957 admittendum
1983 2895 2119 2953 mihi
2138 2894 2486 2953 existimavi.
2554 2896 2797 2954 Interim

335 2972 502 3029 locos
527 2972 808 3048 plurimos
832 2973 868 3030 ὁ,
891 2973 1058 3032 nobis
1086 2976 1308 3052 quanta
1334 2974 1502 3034 licuit
1529 2996 1665 3035 cum
1706 2976 1822 3034 fide
1863 2985 1925 3032 et
1965 2973 2264 3051 religione,
2306 2984 2429 3031 tum
2472 2971 2795 3049 diligentia,

340 3048 560 3115 studio,
588 3048 790 3107 labore
809 3052 1144 3129 castigatoe,
1171 3053 1551 3133 pristinoque,
1582 3068 1647 3113 ut
1674 3054 1901 3132 opinor,
1925 3052 2117 3116 nitori,
2140 3048 2581 3127 integritatique
2608 3051 2801 3109 reddi·

342 3138 439 3184 tos
467 3126 920 3203 publicavimus3
960 3141 1019 3188 et
1048 3130 1280 3207 quidem
1308 3132 1468 3191 nullo
1495 3136 1717 3211 majore
1744 3132 2051 3189 verborum
2080 3140 2397 3207 apparatu3
2438 3128 2805 3206 quandoqui-

343 3204 503 3270 dem,
533 3216 600 3262 ut
625 3204 722 3263 ille
751 3206 940 3275 canit:
984 3208 1203 3268 Ornari
1229 3231 1316 3269 res
1339 3210 1464 3289 ipsa
1496 3221 1687 3291 negat,
1715 3218 1977 3271 contenta
2006 3206 2215 3266 doceri.
2314 3204 2492 3271 Quod
2534 3205 2581 3263 si
2624 3206 2801 3267 laude

339 3284 554 3344 merita
579 3284 724 3362 quid
753 3304 928 3343 unum
957 3285 1277 3348 alterumve
1303 3290 1360 3347 in
1390 3292 1637 3349 authore
1678 3289 1949 3369 quopiam
1990 3286 2302 3353 illustrant,
2345 3296 2447 3342 aut
2488 3284 2807 3346 restituunt

334 3362 558 3432 locum,
594 3380 711 3420 non
739 3362 1103 3435 standantur,
1135 3386 1242 3425 cur
1268 3388 1382 3425 non
1411 3368 1539 3446 ipse
1566 3386 1801 3448 quoque
1828 3386 2055 3445 sperem
2095 3363 2429 3422 nonnullam
2474 3382 2567 3421 me
2606 3364 2642 3421 a
2680 3374 2804 3424 stu-

337 3440 514 3500 diosis
556 3442 806 3533 gratiam
842 3442 1143 3514 initurum,
1177 3446 1278 3526 qui
1305 3458 1396 3505 tot
1421 3447 1478 3504 in
1510 3446 1791 3506 Terentio
1820 3446 1981 3504 locos
2008 3444 2253 3502 fortasse
2283 3462 2395 3499 non
2425 3442 2621 3521 inepte
2636 3464 2805 3521 pror-

337 3528 454 3590 sus,
483 3520 802 3598 diligenter
828 3522 1088 3601 quidem,
1119 3536 1180 3583 et
1209 3528 1420 3603 magna
1440 3529 1583 3584 cura
1610 3525 1770 3585 certe
1798 3525 1871 3583 ab
1893 3523 2159 3581 omnibus
2179 3521 2407 3581 mendis
2426 3522 2693 3602 vitiisque
2716 3542 2807 3582 re-

337 3598 682 3689 purgarim?
762 3600 1026 3661 Tametsi
1054 3598 1210 3661 haud
1238 3604 1376 3661 sane
1405 3603 1861 3669 dissimulavero,
1892 3602 2114 3661 haerere
2155 3602 2343 3680 ipsum
2383 3620 2474 3659 me
2514 3602 2811 3683 plerisque

339 3694 398 3733 m
424 3678 587 3743 locis,
615 3692 678 3736 et
703 3678 995 3771 quaedam‚
1025 3681 1101 3739 de
1129 3680 1341 3760 quibus
1367 3700 1571 3759 parum
1602 3682 1795 3741 adhuc
1826 3680 2064 3760 liqueat,
2106 3679 2383 3758 ampliare
2402 3700 2420 3736 ε
2463 3692 2523 3738 et
2565 3681 2707 3759 quid
2748 3682 2809 3740 in

339 3754 432 3811 his
457 3757 816 3833 potissimum
847 3778 1080 3838 sequar,
1111 3760 1268 3819 haud
1298 3760 1438 3818 dum
1468 3760 1840 3839 exploratum
1870 3760 2007 3819 satis
2032 3760 2247 3817 habere
2276 3759 2333 3815 in
2362 3760 2527 3816 tanta
2567 3778 2809 3836 praeser·

343 3831 448 3890 tim
475 3836 894 3913 exemplarium
923 3838 1318 3916 antiquorum,
1349 3840 1486 3898 cum
1517 3838 1873 3898 dissentione
1927 3849 1987 3895 et
2026 3836 2436 3917 discrepantia,
2478 3850 2602 3896 tum
2648 3860 2811 3897 mon-

281 3982 296 3995 ·
339 3912 532 3969 strosa
557 3913 767 3973 alicubi
796 3916 972 3974 etiam
1003 3916 1422 3994 depravatione
1446 3942 1461 3987 ς
1490 3930 1557 3977 ut
1576 3918 1694 3976 suis
1717 3916 1860 3975 locis
1884 3916 2285 3995 ostendemus,
2356 3917 2532 3980 Quod
2555 3937 2661 3975 cur
2682 3929 2815 3976 tan·

343 3988 480 4046 dem
512 4008 604 4047 me
629 3990 796 4052 fateri
825 3994 1079 4073 ingenue
1106 3996 1328 4073 pudeat
1347 3996 1376 4053 Ρ
1461 3998 1577 4055 Par
1604 4008 1694 4055 est
1722 4015 1919 4055 autem
1951 3994 2106 4072 quod
2138 3992 2391 4071 publicae
2416 3996 2451 4051 ὲ
2493 3996 2659 4055 nobis
2686 4010 2815 4055 stu-

341 4066 642 4129 diosorum
669 4070 902 4131 utilitati
943 4073 1139 4144 datur,
1181 4074 1241 4133 id
1283 4075 1456 4155 quale
1496 4076 1673 4134 etiam
1701 4094 1937 4153 cunque
1980 4071 2115 4131 boni
2145 4072 2471 4133 consulere.
2569 4075 2817 4135 Praestet

339 4144 492 4205 alius
547 4145 732 4223 quivis
784 4164 1068 4228 quantum
1114 4172 1258 4219 nos;
1310 4174 1422 4213 nec
1471 4152 1736 4212 dubitem
1792 4151 1949 4212 omni
1996 4151 2425 4211 asseveratione
2472 4153 2817 4213 confirmare

339 4242 552 4303 parum
572 4224 720 4283 adeo
748 4226 871 4287 fore
891 4232 1050 4309 quod
1079 4230 1136 4289 in
1157 4232 1437 4291 Terentio
1460 4232 1591 4311 quis
1612 4231 1946 4291 desiderare
1970 4230 2200 4289 habeat.
2258 4228 2494 4290 Variam
2524 4230 2817 4288 interdum

339 4322 420 4363 ex
451 4315 720 4363 veterum
763 4317 1030 4367 autorum
1073 4308 1469 4380 citationibus,
1513 4323 1577 4370 et
1610 4311 1729 4369 anti
1778 4328 1983 4369 uorum
2028 4308 2179 4367 inter
2206 4328 2270 4368 se
2300 4308 2820 4385 codicum‘repug-

338 4382 542 4440 nantia
569 4382 890 4442 lectionem
919 4386 1206 4458 indicavi;
1249 4390 1334 4447 ita
1361 4389 1595 4447 demum
1627 4332 1773 4468 quid
1801 4387 1938 4445 mihi
1980 4386 2246 4446 videatur
2286 4382 2643 4461 conjecturis
2683 4387 2821 4443 sub-

334 4460 474 4520 ditiss
503 4462 846 4531 ῦδῐθηᾶθῦῠ,
879 4463 1128 4527 liberum
1159 4480 1226 4526 ut
1245 4478 1442 4527 tamen
1469 4468 1681 4527 lectori
1704 4467 1993 4545 judicium
2022 4484 2255 4542 semper
2282 4462 2623 4538 relinquam.
2688 4466 2825 4529 Qua

336 4539 398 4599 in
437 4560 506 4600 re
555 4540 698 4600 mihi
742 4542 884 4603 nihil
928 4542 1040 4603 fuit
1083 4546 1300 4623 potius,
1329 4547 1503 4625 quam
1533 4558 1599 4606 ut
1628 4546 1853 4605 Donati
1894 4544 2249 4619 ubicumque
2276 4542 2503 4607 liceret,
2531 4539 2707 4599 fidem
2736 4556 2831 4601 sex

337 4638 576 4760 attentet,
603 4622 949 4701 interpretis
973 4624 1388 4702 undecumque
1427 4624 1773 4692 doctissimi,
1800 4626 1875 4683 ab
1904 4640 2117 4696 eoque,
2146 4638 2221 4706 ne
2264 4630 2655 4677 transversum
2698 4620 2827 4697 qui·

476 4740 496 4773 ,
528 4712 594 4762 ut
621 4700 816 4777 aiunt,
841 4702 1124 4782 digitum,
1145 4702 1548 4774 discederem3
1572 4702 1675 4763 sed
1700 4702 1851 4761 citra
1875 4696 2350 4774 superstitionem
2370 4702 2588 4761 tamen,
2610 4706 2671 4755 et
2692 4712 2829 4755 cum

2531 4790 2577 4829 c.
