3067 4959
1310 365 1842 431 PRAEFATIO.

356 565 529 622 tutus
556 577 708 622 suus
734 553 960 638 cuique
990 551 1189 629 labor,
1220 549 1477 616 decreta
1502 571 1622 635 pro
1665 547 1880 614 labore
1923 547 2224 633 cujusque
2267 567 2547 623 merces3
2591 546 2801 611 datum

354 666 616 754 singulis
644 659 1098 747 interpretandi
1126 661 1462 746 specimen.

362 843 371 853 ‚
442 776 541 840 Ea
580 772 887 858 imprimis
930 793 1083 834 cura
1122 769 1260 849 fuit,
1304 785 1377 835 ut
1416 780 1745 834 auctorum
1787 781 1998 833 textus
2039 765 2230 853 quam
2273 764 2808 830 emendatissimus

354 884 645 950 ederetur
660 905 679 958 3
708 880 918 967 glossa
944 879 1173 943 deinde
1200 901 1345 964 quae
1374 879 1656 963 simplice
1685 900 1761 943 ac
1787 877 1988 943 nitido
2007 875 2352 940 -verborum
2379 887 2681 938 contextu
2709 875 2811 937 ab·

354 991 519 1055 ditos
548 1011 767 1054 sensus
795 988 1157 1072 explicaret,
1194 987 1521 1072 implicitas
1551 987 1846 1072 periodos
1874 997 2206 1062 retexeret,
2249 985 2526 1048 inversas
2547 985 2616 1046 in
2645 983 2810 1046 ordi·-

354 1119 501 1176 nem
529 1119 716 1163 suum
744 1109 1084 1174 revocaret,
1116 1109 1180 1162 et
1207 1097 1557 1161 carminum
1584 1096 1830 1182 legibus
1857 1117 1932 1160 ac
1961 1094 2238 1158 numeris
2267 1093 2594 1157 adstrictas
2615 1093 2813 1157 solve-

356 1216 473 1270 ret.
560 1205 662 1270 lta
688 1217 899 1270 tamen
927 1219 1001 1270 ut
1022 1228 1143 1270 nec
1168 1206 1425 1272 liberius
1454 1215 1821 1270 excurreret
1861 1205 1928 1268 in
1976 1203 2442 1286 Paraphrasim,
2495 1223 2613 1266 nec
2663 1200 2812 1288 quid

354 1316 862 1400 praetermitteret
887 1315 1059 1401 quod
1088 1327 1383 1401 tyronum
1406 1315 1648 1378 animos
1667 1314 1890 1399 juvare
1918 1325 2156 1396 posset3
2187 1313 2466 1396 ipsorum
2489 1323 2814 1375 auctorum

358 1423 567 1489 verbis
622 1423 937 1502 adhibitis,
982 1423 1093 1488 ubi
1135 1436 1345 1488 essent
1386 1423 1535 1487 satis
1591 1433 1781 1498 nota3
1841 1421 2189 1486 substitutis
2247 1419 2648 1497 facilioribus,
2709 1419 2816 1483 ubi

355 1531 564 1597 minus
592 1544 800 1597 essent
824 1531 1047 1596 facilia.
1112 1531 1371 1596 Additae
1394 1544 1542 1594 sunt
1563 1531 1750 1594 etiam
1781 1529 1991 1608 Notae,
2021 1553 2166 1617 quae
2187 1528 2540 1594 reconditas
2561 1529 2814 1613 figura&

358 1653 423 1706 et
448 1641 502 1704 si
530 1639 683 1728 quid
712 1652 877 1704 esset
896 1641 1135 1727 antiqui
1156 1640 1369 1719 moris,
1400 1652 1511 1704 aut
1540 1639 1818 1704 historiae
1847 1640 2091 1716 veteris,
2123 1651 2232 1704 aut
2257 1638 2508 1715 fabuloe,
2531 1639 2668 1702 sine
2691 1637 2816 1700 ullo

359 1749 524 1815 fastu
565 1750 905 1814 verborum
952 1749 1353 1814 illustrarent.
1444 1750 1672 1836 Neque
1713 1750 1882 1814 enim
1925 1749 2030 1812 hic
2057 1749 2232 1812 licuit
2257 1768 2450 1814 vanas
2479 1747 2817 1812 obtrudere

361 1862 774 1947 conjectura&
804 1870 915 1922 aut
942 1859 1213 1923 minutas
1242 1858 1768 1924 correctiunculas
1797 1859 1880 1924 ad
1907 1857 2224 1922 fastidium
2266 1880 2466 1945 usque
2507 1857 2816 1942 ingerere,

362 1982 473 2034 aut
500 1968 780 2055 operosis
813 1967 1195 2033 Criticorum
1238 1971 1423 2056 nugis
1465 1971 1716 2035 lectoris
1760 1971 2040 2034 animum
2084 1971 2344 2058 fatigare
2389 1971 2586 2056 magis
2629 1967 2820 2054 quam

359 2079 645 2157 erudire3
688 2101 834 2167 quae
862 2078 1253 2167 plerumque,
1283 2093 1394 2144 aut
1421 2103 1596 2146 mera
1623 2093 1770 2146 sunt
1797 2080 2088 2157 ludibria,
2119 2094 2228 2146 aut
2255 2102 2414 2144 vana
2456 2077 2692 2164 ingenii
2717 2099 2820 2140 os-

361 2199 761 2252 tentamenta.
880 2187 961 2248 Id
1026 2189 1269 2252 tantum
1326 2189 1722 2268 propositum
1779 2201 1894 2260 est,
1960 2189 2402 2248 Smnmssxm
2462 2185 2822 2250 DELPmm

360 2291 749 2379 publicisque
777 2290 1009 2352 servire
1037 2289 1404 2366 commodis,
1444 2289 1481 2352 ὲ
1510 2303 1790 2353 veterum
1845 2289 2458 2354 Commentariorum
2500 2291 2680 2371 copia
2711 2313 2830 2354 ex-

362 2420 620 2486 cerpere
649 2420 793 2484 quoe
823 2397 1087 2483 quisque
1116 2395 1508 2460 adnotaverit
1534 2397 1839 2482 apposite,
1863 2419 1980 2461 nec
2007 2410 2136 2461 tam
2165 2419 2268 2462 res
2296 2417 2490 2460 novas
2515 2401 2820 2481 proferre,

364 2509 553 2598 quam
596 2507 976 2570 necessarias
992 2529 1011 2582 ς
1062 2505 1235 2593 quod
1266 2503 1523 2592 quidem
1552 2528 1770 2571 curam
1811 2507 2012 2593 magis
2040 2506 2229 2593 quam
2271 2528 2536 2572 acumen
2565 2509 2828 2596 ingenii,

364 2631 473 2688 aut
502 2615 890 2682 reconditam
920 2615 1335 2679 eruditionem
1364 2614 1660 2700 postulat.

373 2799 384 2807 ,
452 2725 533 2792 In
562 2726 681 2791 hac
708 2724 999 2809 paloestra
1030 2725 1209 2788 multi
1237 2723 1645 2803 desudarunt,
1679 2726 1840 2792 forte
1867 2749 1995 2791 non
2019 2729 2158 2814 pari
2185 2729 2524 2794 industria:
2556 2729 2666 2814 qui
2693 2749 2826 2792 me-

366 2849 497 2902 tam
525 2833 862 2922 attigerint,
893 2835 1003 2921 qui
1030 2856 1181 2912 non,
1222 2848 1354 2900 tute
1382 2835 1704 2901 existima:
1751 2849 1817 2901 et
1843 2837 1942 2901 sin
1969 2837 2178 2903 minus
2207 2859 2563 2904 successum
2592 2838 2822 2922 operia

368 2945 588 3012 saltem
610 2943 939 3010 consilium
968 2943 1267 3028 adproba.
1358 2945 1610 3010 Interea
1636 2945 1756 3010 hac
1783 2946 2234 3032 interpretandi
2255 2961 2390 3012 arte
2416 2965 2612 3024 utere,
2634 2967 2826 3033 quam

366 3073 487 3149 nos
546 3054 840 3141 Augusto
899 3055 1180 3140 Principi
1236 3056 1409 3120 velut
1462 3055 1919 3134 subsidiariam,
1977 3072 2311 3145 postquam
2353 3056 2722 3141 ampliorem
2763 3065 2828 3118 et

370 3157 717 3230 doctiorem
747 3165 1059 3252 acceperit
1086 3164 1167 3229 ab
1210 3165 1643 3230 Illustrissimo
1691 3179 1758 3230 et
1810 3167 2358 3232 Reverendissimo
2401 3162 2832 3230 Condomensi

372 3272 694 3360 Episcopo
726 3275 1127 3359 Praeceptore
1155 3295 1292 3349 suo,
1323 3274 1459 3337 viro
1491 3273 1850 3336 Literarum
1878 3277 2160 3338 omnium
2189 3287 2324 3338 tum
2347 3293 2667 3334 sacrarum
2695 3285 2832 3336 tum

372 3382 745 3450 secularium
788 3382 1188 3464 peritissimo.
1280 3379 1756 3444 Emendatiores
1799 3380 2084 3464 profecto
2111 3381 2156 3442 ii
2189 3379 2639 3443 commentarii
2682 3403 2840 3464 pro..

372 3487 603 3566 dirent,
635 3489 688 3552 si
732 3487 1179 3552 Nobilissimus
1226 3487 1544 3552 HuEnus
1583 3499 2034 3551 consummatae
2081 3487 2388 3550 doctrinae
2426 3487 2540 3565 vir,
2587 3489 2838 3557 Princi-

372 3596 472 3684 pis
506 3597 1010 3682 Propraeceptor,
1044 3613 1115 3662 ut
1142 3595 1499 3660 universum
1532 3595 1716 3680 Opus
1745 3595 2037 3682 dirigere,
2079 3597 2170 3660 ita
2207 3596 2482 3682 singulas
2513 3601 2644 3683 ejus
2687 3623 2838 3686 par-

374 3719 469 3775 tes
492 3725 942 3790 recognoscere
961 3705 1287 3789 potuisset.
1335 3704 1525 3796 Quod
1552 3704 1634 3768 ad
1665 3705 2034 3768 Terentium
2066 3704 2234 3769 hunc
2263 3707 2500 3784 attinet,
2535 3707 2834 3790 Lumen,

373 3814 617 3901 primus
660 3812 945 3880 omnium
990 3819 1087 3877 est
1133 3812 1359 3891 editus,
1390 3813 1563 3878 velut
1603 3815 1666 3878 in
1711 3815 2211 3898 experimentum
2242 3816 2354 3894 rei,
2397 3830 2462 3880 et
2504 3817 2837 3884 immatura

378 3923 909 4006 Commentatoris
939 3924 1035 3986 sui
1066 3937 1268 3986 morte
1299 3923 1709 4009 typographis
1739 3923 2022 4002 traditus,
2061 3925 2346 3989 nondum
2388 3927 2515 3989 suis
2543 3928 2838 3993 omnibus

374 4031 654 4096 numeris
686 4030 1033 4095 absolutus·
1124 4033 1338 4118 Atque
1368 4033 1453 4096 ita
1482 4033 1535 4096 si
1565 4033 1716 4120 quid
1747 4033 2097 4121 incastigati
2141 4035 2478 4118 irrepserit,
2510 4036 2680 4122 quod
2711 4059 2839 4100 non

376 4142 727 4226 abnuerim,
760 4140 945 4205 velim
992 4141 1097 4206 tufi
1144 4141 1530 4207 humanitate
1573 4141 1922 4229 indulgeas,
1967 4157 2080 4208 aut
2119 4143 2491 4207 dexteritate
2534 4144 2640 4207 tufi
2683 4144 2840 4207 illud

377 4249 692 4340 emendes.
797 4249 1041 4314 Donati
1100 4251 1624 4330 CommentarioS,
1683 4263 1748 4318 et
1803 4252 2324 4337 locupletissimos
2368 4251 2618 4316 Indices
2663 4251 2842 4316 addi-

379 4358 609 4457 dimuS,
653 4367 726 4422 ut
768 4357 1077 4444 intelligas
1118 4359 1186 4422 in
1229 4357 1353 4422 hoc
1394 4358 1783 4444 perficiendo
1825 4373 2020 4450 opere
2060 4381 2278 4428 curam
2317 4361 2541 4428 saltem
2581 4383 2658 4426 ac
2698 4361 2841 4426 dili-

380 4469 657 4570 gentiam
683 4489 817 4536 non
842 4467 1133 4534 defuisse.
1220 4465 1401 4531 Vale.
