3067 4959
1155 328 1799 395 TERENTIANA.
2602 323 2717 388 xix

1130 513 1341 556 ACTUS
1373 512 1468 555 IV·
1550 510 1757 555 semu.
1788 510 1836 551 Ι.

246 579 541 641 Senectus
567 577 696 656 ipsa
724 576 980 635 morbus·
1064 573 1442 655 Apollodorus
1460 598 1484 633 .-

513 656 576 705 13
591 656 730 721 γῆμε,
753 656 869 703 ιω.
889 652 1004 703 ..m
1025 654 1202 713 aaa..

241 720 380 801 Ego
405 739 672 781 meorum
698 719 862 778 solus
886 738 1016 777 sum
1045 737 1230 790 meus.
1311 716 1694 797 Apollodorus
1716 740 1741 775 .-

509 798 638 861 ’Eya‘o
658 798 752 865 γᾶς
774 795 863 859 εἶμι
879 798 1005 859 μόνος
1029 796 1115 844 «ὅ»
1135 796 1248 858 ὶμὸι
1270 795 1384 857 ἱρός.

1115 894 1326 937 ACTUS
1357 895 1452 937 lv.
1532 893 1745 937 SCENA
1776 893 1867 933 lv.

247 956 422 1017 DicIs
449 957 605 1037 quod
631 956 770 1017 mali
797 967 908 1026 est,
929 958 1039 1015 Sec.
1123 957 1454 1015 Menander
1472 980 1496 1015 .-

901 1033 1048 1095 Δίγυς
1065 1035 1134 1084 la)
1155 1034 1208 1082 1-3
1228 1033 1408 1091 ava-05⁹2,

509 1096 645 1151 unzin
666 1101 1022 1166 insengardsis
1040 1100 1126 1148 ‹3-
1146 1097 1513 1165 reso-amisus·

244 1164 445 1229 Semper,
469 1166 589 1227 quod
606 1179 850 1212 moerorem
873 1162 1013 1219 affert,
1036 1180 1200 1221 narras,
1225 1164 1335 1211 nihil
1355 1179 1514 1211 eorum
1535 1162 1705 1211 addens
1726 1160 1847 1224 quod
1867 1157 2172 1211 exadversum
2186 1160 2392 1225 alloquiis
2412 1160 2471 1207 sit
2486 1160 2715 1208 idoneum.

1081 1283 1136 1291 ἡ

1181 1338 1750 1402 EVANTHIUS

823 1446 942 1505 DE
984 1444 1474 1506 TRAGOEDIA
1515 1444 1629 1503 ET
1670 1444 2125 1505 COMOEDIA,

247 1542 398 1612 Quae
424 1540 519 1603 Ῑιΐσ
543 1543 614 1602 de
642 1542 956 1622 Tragoedid
980 1552 1035 1602 et
1069 1538 1362 1601 Comoedia
1400 1541 1752 1617 referuntur,
1796 1561 1863 1599 ea
1899 1562 2031 1612 non,
2076 1549 2139 1599 ut
2166 1538 2291 1610 alii,
2323 1560 2393 1598 ea·
2420 1536 2707 1605 cornuto,

320 1620 415 1681 vel
439 1623 672 1699 Aspero
700 1622 898 1681 desum-
929 1630 1013 1691 to,
1059 1622 1162 1679 sed
1199 1642 1269 1680 ex
1310 1618 1587 1678 Evanthii
1612 1621 2009 1679 commentario
2034 1620 2096 1678 in
2139 1616 2477 1676 Terentium
2504 1614 2709 1674 selecta

321 1720 440 1759 esse
484 1700 756 1760 arbitror.
835 1644 1158 1779 ,Εέαεσεᾳιιε
1198 1699 1288 1759 rei
1330 1696 1803 1757 evidentissimum
1844 1705 2237 1777 argumentum
2276 1706 2378 1760 est,
2418 1692 2571 1772 qaod
2606 1692 2708 1751 sub

317 1778 487 1858 hujus
505 1779 875 1838 eruditissimi
901 1777 1275 1837 Grammatici
1295 1776 1519 1835 nomine
1538 1780 1725 1854 (quem
1744 1774 1939 1834 iisdem
1956 1796 2081 1835 cum
2101 1777 2332 1833 Donato
2348 1772 2707 1851 temporibus,

318 1856 534 1924 ἧσο-εστ,
555 1856 778 1937 olymp.
794 1861 933 1925 285,
957 1865 1231 1937 regnante
1245 1852 1593 1917 Constantio
1654 1852 1694 1911 l.
1718 1853 2107 1923 Constantini,
2138 1855 2205 1914 C.
2230 1854 2304 1912 P.
2374 1850 2587 1911 eruisse
2606 1870 2707 1907 no-

321 1943 410 1993 tat
461 1934 890 2011 Hieronymus)
919 1934 1040 1993 haec
1079 1934 1249 1993 verba
1289 1934 1524 2012 adferat
1634 1930 1823 1991 ufinus
1867 1932 2259 1993 Antiochensis
2348 1928 2709 1988 rammaticus

323 2010 424 2070 lib.
451 2013 522 2070 de
544 2012 740 2071 metris
787 2013 1148 2073 Terentiam's
1172 2036 1194 2071 .·
1239 2012 1544 2073 Concinna
1570 2023 1940 2088 argumente,
1970 2009 2396 2077 consuetudine
2424 2022 2707 2082 congrua,

329 2088 492 2146 utilis
517 2089 840 2159 sententiis,
868 2102 1034 2167 grata
1068 2089 1302 2161 salibus,
1343 2101 1480 2167 apta
1521 2102 1733 2147 metro.
1812 2092 1893 2149 Et
1960 2098 2112 2148 ostea
2136 2088 2219 2147 sic
2243 2112 2265 2147 .-
2310 2088 2559 2143 Veteres
2598 2081 2709 2141 etsi

324 2166 422 2226 usi
449 2166 558 2243 ipsi
586 2186 824 2303 quelque
861 2166 1081 2235 metris,
1108 2172 1216 2225 dre.
1299 2166 1442 2235 Quae
1487 2166 1768 2247 ipsissima
1808 2170 1871 2229 in
1954 2168 2065 2227 isce
2104 2163 2515 2247 prolegomenis
2561 2180 2709 2219 nunc

319 2244 613 2326 leguntur.
747 2245 1179 2325 indenbrogius.

322 2324 610 2384 lamma
661 2324 992 2403 Tragoediae
1017 2337 1078 2384 et
1107 2324 1429 2385 Comoediae
1455 2324 1492 2386 ὲ
1517 2326 1693 2386 rebus
1728 2325 1935 2385 divinis
1962 2336 2052 2385 est
2078 2323 2415 2383 inchoatum
2439 2341 2455 2378 t
2498 2317 2709 2399 quibus

235 2422 349 2483 pro
375 2402 670 2463 fructibus
697 2415 834 2462 vota
851 2404 1143 2463 solventes
1171 2406 1567 2482 operabantur
1593 2406 1834 2485 antiqui.
1916 2405 2072 2465 Nam
2099 2401 2351 2463 incensis
2370 2402 2491 2478 jam
2514 2396 2710 2457 altari-

233 2484 370 2553 bus,
399 2493 463 2542 et
489 2482 728 2543 admoto
753 2481 939 2553 hirco,
969 2482 1030 2541 id
1055 2502 1244 2562 genus
1264 2482 1559 2553 carminis,
1579 2485 1738 2563 quod
1758 2504 1926 2545 sacer
1946 2485 2158 2543 chorus
2184 2480 2469 2541 reddebat
2490 2476 2709 2535 Libero

279 2560 416 2633 atri,
447 2561 766 2639 Tragoedia
793 2560 1119 2630 dicebatur,
1150 2557 1258 2621 α’πό
1293 2562 1396 2619 τοῦ·
1431 2566 1643 2643 τράγου
1674 2563 1765 2621 καὶ
1805 2565 1904 2639 τῆς
1950 2558 2103 2641 ᾆδῆς,
2136 2562 2253 2620 hoc
2280 2568 2393 2625 est,
2419 2558 2492 2615 ab
2520 2555 2705 2623 hirco,

275 2652 408 2700 oste
431 2639 755 2710 vinearum,
797 2652 858 2699 et
886 2639 922 2699 a
949 2640 1264 2701 cantilena.
1345 2640 1496 2721 Ejus
1542 2642 1723 2721 ipsius
1759 2644 1843 2703 rei
1880 2643 2041 2722 apud
2084 2642 2187 2701 Vir
2236 2638 2385 2697 'lium
2432 2634 2605 2713 plena
2640 2632 2711 2692 fit

234 2718 500 2780 mentio:
542 2718 636 2779 vel
662 2718 826 2798 quod
853 2717 1018 2779 hirco
1045 2719 1377 2780 donabatur
1403 2723 1530 2799 ejus
1560 2721 1831 2782 carminis
1860 2722 2083 2790 Poe'ta3
2122 2739 2159 2776 v
2240 2714 2401 2795 quod
2424 2724 2556 2772 uter
2582 2715 2709 2791 ejus

234 2798 417 2857 musti
443 2798 653 2876 plenus
678 2796 919 2857 solenne
945 2798 1250 2877 praemium
1276 2800 1617 2859 cantoribus
1630 2800 1861 2869 suerat:
1901 2799 1993 2859 vel
2064 2797 2185 2858 uod
2210 2814 2313 2857 ora
2336 2812 2443 2852 sua
2466 2790 2711 2851 faecibus

235 2876 608 2955 perlinebant
633 2876 873 2947 scenici,
902 2887 1041 2936 ante
1065 2896 1233 2936 usum
1303 2896 1643 2938 ersonarum
1683 2880 1759 2938 ab
1798 2879 2017 2959 AEschy
2113 2885 2431 2955 repertum.
2511 2869 2712 2929 Faeces

235 2955 396 3015 enim
421 2954 701 3015 dicuntur
729 2954 941 3019 Graecie
963 2955 1184 3034 τρύγες.
1323 2968 1346 3017 t
1394 2956 1485 3016 his
1530 2958 1769 3039 quidem
1805 2956 1997 3018 causis
2023 2953 2355 3033 Tragoediae
2380 2968 2592 3008 nomen
2620 2960 2713 3009 est

237 3034 565 3093 inventum.
647 3034 734 3091 At
747 3033 890 3091 vero
919 3034 1176 3093 nondum
1199 3034 1424 3095 coactis
1453 3036 1510 3093 in
1533 3038 1741 3095 urbem
1770 3034 2250 3100 Atheniensibus,
2280 3032 2415 3088 cum
2446 3026 2711 3105 Apollini

238 3110 489 3181 Nomio,
513 3110 608 3169 vel
635 3110 926 3187 ΑΓΤΑΘῷ
950 3111 1008 3170 id
1023 3124 1134 3183 est,
1152 3124 1450 3191 pastorum
1469 3114 1912 3193 vicinorumque
1973 3110 2164 3169 raesidi
2184 3110 2339 3179 Deo,
2360 3104 2713 3163 constructis

241 3188 364 3248 aris
393 3188 456 3246 in
482 3188 766 3246 honorem
792 3186 1002 3246 divinas
1038 3190 1121 3248 rei
1163 3191 1382 3251 circum
1425 3194 1649 3253 Atticas
1671 3194 1850 3263 vicos,
1878 3132 2063 3259 viilas,
2108 3205 2313 3279 pagos,
2344 3192 2404 3242 et
2430 3179 2709 3259 COmPsta,

235 3266 462 3327 festum
485 3284 724 3325 carmen
749 3266 1065 3326 solenniter
1103 3281 1446 3330 cantarent:
1493 3284 1621 3331 orta
1648 3284 1739 3331 est
1780 3268 2089 3332 Comoedia
2115 3261 2219 3323 dato
2244 3263 2357 3321 τῶν
2387 3258 2593 3341 κωμῶν
2620 3259 2712 3319 καὶ

237 3346 342 3421 τῆς
367 3344 501 3421 ᾆδῆς
529 3344 856 3424 composito
878 3347 1126 3418 nomine,
1147 3350 1238 3409 vel
1261 3346 1368 3409 α’πὸ
1395 3349 1494 3408 τοῦ·
1521 3352 1791 3427 κωμάζειν
1808 3349 1899 3408 καὶ
1918 3348 2082 3428 ᾄδειν,
2104 3366 2163 3425 q.
2184 3362 2237 3402 e.
2261 3350 2709 3402 commessatum

236 3424 324 3485 ire
350 3436 703 3494 cantamen
741 3424 900 3502 quod
927 3424 962 3484 a
993 3426 1189 3487 Poetis
1213 3429 1440 3487 solenni
1483 3430 1603 3500 die,
1632 3430 1723 3488 vel
1752 3426 2029 3488 amatorie
2055 3421 2490 3485 lascivientibus
2516 3418 2711 3479 choris

240 3503 502 3574 comicis,
532 3522 652 3561 non
678 3503 998 3563 absurdum
1035 3518 1144 3565 est.
1223 3507 1437 3585 Itaque
1485 3519 1553 3566 ut
1598 3527 1811 3576 rerum,
1854 3507 1939 3565 ita
1980 3503 2155 3564 etiam
2204 3514 2533 3579 temporum
2582 3499 2711 3577 ipso

237 3593 440 3661 cepto
465 3581 694 3651 ordine,
724 3582 1042 3660 Tragoedia
1068 3585 1260 3660 primo
1289 3587 1518 3663 prolata
1544 3605 1670 3645 esse
1711 3584 2105 3663 cognoscitur.
2188 3582 2343 3641 Nam
2390 3590 2457 3637 ut
2500 3579 2575 3637 ab
2623 3576 2710 3634 in-

240 3660 412 3720 cultis
438 3672 504 3720 et
529 3660 670 3719 feris
689 3660 948 3719 moribus
966 3662 1244 3738 paulatim
1271 3676 1619 3741 perventum
1648 3676 1737 3723 est
1762 3664 1838 3722 ad
1864 3660 2390 3727 mansuetudinem,
2418 3658 2713 3734 urbesque

239 3752 374 3797 sunt
401 3737 678 3809 conditae,
709 3750 772 3797 et
791 3739 912 3797 vita
935 3740 1130 3799 mitior
1156 3752 1336 3819 atque
1373 3742 1615 3801 otiosior
1642 3743 1965 3821 processit=
2006 3742 2090 3798 ita
2116 3758 2209 3799 res
2239 3734 2509 3815 Tragicae
2534 3733 2711 3812 longe

239 3828 376 3875 ante
403 3816 682 3878 Comicus
708 3816 980 3876 inventas.
1062 3821 1344 3886 Quamvis
1371 3834 1567 3881 autem
1596 3834 1755 3879 retro
1774 3822 1969 3899 prisca
1993 3816 2359 3878 volventibus
2387 3814 2710 3894 reperiatur

247 3894 372 3953 The
444 3896 458 3909 ’
511 3895 850 3973 Tragoediae
867 3896 1088 3973 primus
1107 3898 1416 3958 inventor:
1459 3910 1520 3957 et
1550 3899 1871 3959 Comoediae
1888 3897 2098 3957 veteris
2121 3907 2287 3975 pater
2305 3892 2547 3971 Eupolis
2573 3910 2711 3951 cum

245 3971 505 4043 Cranno,
555 3974 1048 4065 Aristophaneque
1093 3996 1222 4036 esse
1260 3977 1529 4037 dicatur:
1594 3980 1884 4038 Homerus
1932 3988 2149 4044 tamen,
2194 3972 2295 4053 qui
2346 3972 2470 4029 fere
2523 3970 2711 4030 omnis

239 4048 506 4109 Poeticae
545 4051 902 4129 largissimus
943 4054 1074 4112 fons
1122 4068 1232 4127 est,
1277 4055 1452 4115 etiam
1489 4056 1581 4115 his
1626 4054 1979 4115 carminibus
2026 4072 2199 4113 exem
2242 4052 2301 4111 la
2340 4050 2610 4131 praebuit,
2650 4058 2712 4108 et

237 4126 406 4219 velut
434 4130 684 4207 quadam
721 4150 964 4191 suorum
1007 4152 1252 4212 operum
1301 4134 1435 4212 lege
1481 4134 1870 4213 praescripsitz
1913 4132 2029 4199 Qui
2068 4132 2179 4191 Ilia
2221 4151 2315 4190 em
2355 4131 2535 4189 instar
2564 4129 2714 4187 Tra-

233 4205 475 4342 ffmdioe,
509 4206 830 4287 Odysseam
858 4210 934 4269 ad
961 4210 1277 4291 imaginem
1307 4212 1647 4284 Comoediae,
1674 4212 1887 4273 fecisse
1925 4221 2302 4271 monstratur.
2382 4210 2535 4269 Nam
2576 4218 2713 4285 post

277 4284 390 4345 lius
416 4285 540 4346 tale
567 4295 908 4367 tantumque
955 4289 1398 4361 documentum,
1441 4292 1515 4351 ab
1560 4290 2034 4370 ingeniosissimis
2078 4288 2471 4349 imitatoribus
2516 4298 2575 4345 et
2623 4284 2711 4339 di-

235 4374 404 4440 gesta
429 4363 662 4425 suntin
692 4366 973 4439 ordinem,
1017 4378 1080 4427 et
1120 4368 1305 4427 divisa
1343 4389 1436 4439 ea,
1477 4388 1611 4450 quas
1650 4370 1826 4429 etiam
1872 4382 1997 4428 tum
2043 4379 2265 4427 temere
2302 4366 2711 4426 scribebantur

235 4441 430 4503 adbuc
475 4442 772 4524 impolita,
799 4458 980 4525 atque
1021 4448 1082 4505 in
1121 4447 1262 4525 ipsis
1302 4448 1648 4507 rudimentis
1687 4448 2161 4527 haudquaquam,
2202 4456 2271 4504 ut
2308 4456 2514 4523 postea
2552 4438 2713 4495 facta

236 4533 388 4595 sunt,
415 4520 642 4583 decora
681 4535 866 4603 atque
905 4526 1076 4585 levia.
1160 4529 1248 4585 At
1287 4544 1396 4587 nos
1435 4546 1524 4596 ea,
1570 4546 1701 4607 quae
1738 4524 1974 4605 proprie
2001 4526 2076 4585 de
2104 4520 2423 4599 Tragoedia
2462 4514 2715 4573 dicenda

238 4610 388 4670 sunt,
415 4600 600 4661 titulo
621 4602 915 4682 propositi
941 4604 1136 4683 operis
1161 4604 1466 4676 instantes,
1493 4605 1555 4663 in
1582 4605 1696 4664 alia
1722 4616 1989 4683 tempora
2022 4600 2353 4659 differamus
2370 4613 2387 4648 ε
2428 4600 2491 4649 et
2518 4590 2595 4647 de
2620 4590 2714 4648 his

239 4672 444 4741 fabulis
477 4682 608 4759 jam
647 4682 993 4760 loquamur,
1046 4700 1193 4761 quas
1247 4682 1550 4743 Terentius
1596 4682 1855 4742 imitatus
1894 4690 1999 4738 est.
2111 4676 2429 4801 Postquagn
2471 4666 2715 4726 demon·-
