3067 4959
390 339 450 400 iv
1272 331 2002 399 PROLEGOMENA

648 497 831 548 Martiis
850 497 1015 546 caelebs
1034 495 1141 558 quid
1162 509 1291 559 agam
1319 493 1551 542 Kalendis.

477 579 575 638 Ad
604 599 733 638 eam
761 579 967 637 dicunt
998 575 1360 654 Interpretes
1390 576 1550 654 quod
1581 573 1698 634 dici
1727 574 2010 654 oportuit.

479 657 883 718 consularibus
909 655 1115 732 ludis]
1206 655 1479 732 Conjecit
1519 654 1798 714 Muretus
1831 649 2203 713 Consualibus
2241 649 2412 712 ludit.
2494 653 2590 714 De
2617 655 2686 714 iis
2711 653 2868 714 ludis

398 735 747 794 Plutarchus
776 734 835 790 in
874 732 1144 802 Romulo,
1174 743 1239 792 ut
1268 745 1328 792 et
1370 732 1574 791 Livius
1601 732 1766 790 initio
1793 731 2068 790 historiae.
2153 731 2271 790 Sed
2302 731 2440 790 mihi
2467 731 2644 812 longe
2673 733 2859 812 aptius

392 815 625 872 videtur
654 811 967 889 corrigere,
995 811 1340 880 Cerealibus,
1412 811 1471 870 ui
1497 809 1621 870 ludi
1650 810 1709 868 in
1741 811 1917 870 Circo
1944 810 2396 870 celebrabantur
2435 831 2530 870 ma
2575 815 2652 872 na
2675 823 2738 870 et
2765 831 2859 870 ac-

398 891 758 952 curatissima
798 893 1051 969 pompa:
1092 891 1278 968 iisque
1404 889 1550 948 diles
1591 899 1900 968 praeerant.
1982 889 2161 947 Adde
2207 889 2370 967 quod
2411 833 2860 969 haudquaquam

394 969 703 1028 verisimile
728 968 823 1039 sit,
852 968 1078 1028 fabulas
1106 970 1272 1027 datas
1298 987 1413 1028 non
1456 968 1638 1027 fuisse
1677 966 1840 1046 prius
1883 966 1942 1026 iu
1989 968 2142 1026 ludis
2191 967 2334 1034 istis,
2378 988 2524 1046 quos
2567 971 2861 1028 Romanos

394 1059 569 1106 vocat
596 1047 892 1116 Muretus,
920 1047 1058 1116 imo,
1086 1059 1147 1108 et
1174 1047 1385 1110 contra
1426 1047 1568 1108 Facit
1609 1047 1851 1114 Livius:
1892 1057 1955 1105 at
1993 1065 2110 1124 ego
2149 1045 2275 1106 scio
2313 1047 2372 1104 in
2398 1047 2750 1111 Cerealibus
2789 1048 2864 1106 ab

394 1125 563 1184 initio
606 1146 723 1184 non
762 1126 943 1186 fuisse
986 1125 1344 1195 comoedias3
1386 1126 1523 1203 quia
1568 1125 1799 1186 scilicet
1839 1124 1964 1184 ludi
2011 1125 2295 1184 tristiores
2343 1137 2550 1194 erant:
2589 1127 2693 1185 sed
2813 1137 2863 1184 st

396 1205 719 1262 secundum
748 1205 965 1263 bellum
1010 1206 1298 1263 Punicum
1328 1203 1549 1294 aliquid
1575 1204 1634 1261 in
1666 1205 1733 1262 iis
1759 1216 2050 1263 mutatum
2091 1203 2273 1262 fuisse
2311 1223 2430 1262 non
2476 1205 2600 1264 sine
2641 1216 2866 1264 ratione

394 1283 681 1362 suspicari
710 1284 897 1361 possis
924 1302 1001 1342 ex
1029 1282 1213 1342 veteri
1238 1284 1500 1342 histonii.

476 1363 553 1422 In
582 1362 877 1438 Limone]
968 1361 1127 1428 Quid
1152 1361 1230 1419 sit
1256 1361 1471 1420 Graece
1512 1359 1724 1440 λειμών
1756 1361 2120 1422 notissimum
2161 1370 2273 1430 est,
2319 1359 2388 1420 iis
2435 1359 2596 1420 certe
2643 1360 2748 1440 qui
2777 1361 2868 1418 vel

400 1441 729 1500 Homerum
755 1439 1028 1519 legerint.
1109 1441 1243 1516 Ego
1270 1450 1487 1508 autem,
1516 1451 1800 1516 quantum
1831 1441 2175 1518 conjectura
2214 1458 2452 1518 possum
2491 1439 2744 1517 assequi,
2783 1439 2876 1498 sic·

398 1518 711 1587 existimo:
750 1517 849 1578 hic
891 1519 983 1578 M.
1026 1517 1205 1578 Tullii
1247 1516 1552 1578 Ciceronis
1597 1517 1745 1576 liber
1789 1518 1932 1576 nihil
1975 1515 2134 1576 aliud
2181 1517 2522 1578 continebat
2568 1518 2680 1576 nisi
2727 1517 2867 1598 Epi·

398 1608 724 1676 grammata
776 1597 833 1656 in
883 1597 1035 1656 viros
1082 1595 1290 1663 claros,
1340 1613 1574 1673 quocun
1623 1614 1696 1654 ue
1751 1595 1808 1652 in
1855 1613 2076 1674 genere
2116 1598 2467 1672 praestantiae
2507 1596 2616 1654 sibi
2655 1616 2868 1656 nomen

440 1677 718 1734 arassent.
800 1675 1011 1754 Itaque
1038 1673 1176 1734 cum
1206 1673 1280 1732 de
1308 1672 1507 1732 multis
1545 1673 1671 1732 alnis
1707 1673 1870 1752 prius
1911 1673 2156 1732 dixisset
2187 1675 2418 1744 cicere,
2461 1676 2534 1734 ab
2563 1674 2653 1734 his
2678 1675 2876 1734 verbis

400 1755 663 1832 incepit:
726 1753 815 1813 Tu
845 1775 1078 1833 quoque.
1162 1753 1249 1812 At
1300 1751 1495 1812 Julius
1536 1752 1754 1822 Caesar,
1805 1752 1906 1830 qui
1950 1751 2223 1812 Ciceroni
2267 1755 2673 1823 aemulabatur,
2714 1754 2868 1813 idem

398 1843 807 1910 argumentum
829 1851 1139 1911 aggressus
1166 1841 1275 1900 est,
1304 1830 1389 1888 sic
1416 1829 1617 1921 itaque
1645 1841 1708 1889 et
1732 1831 1858 1910 ipse
1885 1829 2134 1908 incepit:
2173 1831 2265 1892 Tu
2291 1854 2529 1912 quoque.
2593 1833 2744 1892 Sunt
2771 1831 2870 1912 qui

399 1911 739 1971 existimant
775 1911 885 1971 hos
911 1930 1112 1970 versus
1140 1907 1175 1967 a
1204 1909 1618 1968 Grammaticis
1661 1909 1946 1969 confictos
1987 1909 2124 1967 olim
2165 1907 2377 1970 fuisse:
2421 1931 2538 1970 non
2581 1911 2872 1978 arbitror:

397 2001 534 2048 sunt
561 1991 715 2048 enim
742 1990 984 2048 nimium
1014 1987 1209 2046 Latini
1239 1998 1300 2046 et
1328 1987 1570 2046 nimium
1598 1987 1855 2065 ingenui.
1937 1987 2118 2046 Adde
2145 1987 2302 2068 quod
2330 2002 2392 2050 et
2420 1989 2742 2060 Ausonius,
2769 1988 2874 2070 qui

398 2070 509 2129 sub
530 2069 818 2130 Gratiano
834 2069 1184 2147 imperatore
1203 2066 1422 2136 floruit,
1443 2085 1548 2126 eos
1566 2064 1890 2124 imitatione
1911 2067 2186 2145 dignatus
2208 2078 2296 2128 est
2318 2068 2378 2126 in
2400 2068 2784 2147 Protreptico
2801 2067 2872 2127 ad

396 2147 493 2206 Ne
538 2159 695 2206 otem
718 2169 736 2204 :

494 2168 533 2226 p
654 2239 731 2288 Tu
751 2253 945 2299 quoque,
966 2238 1041 2298 qui
1064 2236 1247 2283 Latium
1268 2237 1385 2284 lecto
1409 2251 1630 2290 sermone,
1646 2237 1846 2294 Terenti,
1869 2239 1955 2287 &c-

480 2319 658 2387 Quod
687 2320 999 2376 observare
1027 2317 1331 2386 decuerat,
1360 2336 1473 2374 non
1506 2327 1704 2375 autem
1733 2317 2137 2379 Latinissimos
2163 2333 2362 2374 versus
2389 2314 2688 2375 damnare.

485 2397 651 2458 Solus
676 2396 818 2455 lecto
843 2395 1143 2469 sermone-J
1204 2395 1274 2453 Id
1303 2407 1410 2464 est,
1443 2395 1544 2474 qui
1563 2396 1741 2464 solus,
1765 2397 1916 2455 inter
1937 2407 2184 2463 veteres,
2207 2392 2384 2464 lecto,
2406 2405 2585 2463 terso,
2599 2411 2874 2470 venusto,

400 2489 581 2557 atque
624 2473 881 2552 eleganti
923 2493 1189 2532 sermone
1234 2474 1433 2533 uteris.
1514 2476 1665 2541 Quae
1713 2475 1858 2546 laus,
1911 2476 1947 2533 ὂ
1995 2475 2221 2533 Musae!
2275 2472 2312 2534 εἶ
2359 2471 2461 2532 tali
2508 2471 2875 2552 potissimum

398 2557 686 2634 scriptore
707 2575 725 2612 ε

656 2649 743 2698 Ille
763 2650 881 2698 viam
904 2665 1082 2697 summo
1104 2665 1295 2713 surgens
1316 2649 1493 2696 affectat
1516 2647 1731 2712 Olympo.
2737 2707 2744 2714 ι

482 2731 582 2791 Sic
636 2730 772 2789 alibi
826 2730 977 2790 idem
1037 2729 1249 2789 Cicero
1296 2729 1481 2787 dixit:
1541 2728 1726 2787 Nulla
1745 2732 1986 2805 semina
2027 2729 2271 2798 lectior,-
2329 2726 2502 2787 alibi:
2543 2728 2874 2792 lectissimus

400 2809 737 2872 adolescens.
820 2811 855 2868 ὂ
886 2809 1107 2870 Gratiae
1134 2813 1149 2868 l
1190 2825 1293 2866 vos
1320 2807 1448 2864 haec
1476 2805 1732 2864 fecistis:
1773 2818 1833 2864 at
1859 2827 1963 2864 vos
1993 2807 2164 2883 pauci
2191 2819 2499 2868 noverunt.

478 2889 600 2949 Hae
638 2909 768 2968 quoe
796 2899 1069 2948 vocantur
1092 2883 1350 2966 fibula,
1391 2888 1552 2964 cujus
1577 2892 1708 2943 sunt
1723 2885 1784 2958 5⁸]
1871 2883 2073 2942 Debet
2111 2904 2240 2944 esse
2283 2884 2548 2946 trimeter
2587 2885 2876 2960 iambe'us,

398 2969 499 3048 qui
527 2988 643 3029 non
672 2979 779 3028 est.
863 2968 1102 3026 Scribe:

656 3064 765 3120 Hae,
787 3081 890 3127 quoe
912 3071 1141 3117 vocantur,
1164 3060 1328 3108 fabulae
1348 3061 1471 3124 quu'
1495 3060 1636 3108 sunt?

398 3165 475 3207 ex
504 3147 697 3224 prisca
721 3144 1015 3206 scribendi
1044 3141 1490 3202 consuetudine.

476 3227 631 3285 Jura
668 3224 892 3304 populis
931 3220 1342 3280 recensentibus
1364 3242 1384 3275 .-
1428 3219 1583 3276 sicut
1612 3217 1745 3275 olim
1789 3217 1888 3274 hic
1930 3219 2233 3296 scriptum,
2275 3221 2380 3280 sed
2417 3223 2494 3280 ob
2533 3237 2768 3278 sensum
2809 3231 2867 3280 et

398 3305 569 3360 metri
610 3303 890 3360 rationem
930 3297 1267 3373 legendum,
1310 3315 1618 3362 recensens,
1663 3294 1814 3352 utin
1857 3296 2204 3372 quibusdam
2244 3298 2408 3357 libris
2447 3297 2732 3373 scriptum
2763 3311 2870 3358 est.

402 3383 490 3438 At
514 3377 574 3435 τὸ
609 3397 691 3434 RE
719 3377 875 3452 apud
904 3387 1131 3431 veteres
1160 3385 1217 3429 et
1245 3371 1487 3448 longum
1515 3383 1641 3431 erat
1668 3385 1728 3431 et
1757 3374 1954 3434 breve.

479 3453 859 3527 Libertina-sd
965 3449 1147 3508 Vides
1199 3448 1458 3507 libertum
1500 3461 1562 3508 et
1613 3451 1936 3511 libertinum
1977 3473 2084 3532 pro
2137 3451 2346 3510 eodem
2392 3451 2560 3520 sumi,
2605 3455 2869 3528 quamvis

399 3535 547 3592 alter
578 3534 649 3592 ab
692 3531 879 3589 altero
908 3529 1085 3587 distet
1126 3547 1242 3585 uno
1271 3527 1494 3604 gradu:
1539 3529 1754 3588 Horat.
1797 3533 2060 3611 Namque
2099 3541 2182 3590 est
2217 3528 2336 3599 ille,
2374 3541 2542 3610 puter
2565 3531 2720 3609 quod
2743 3545 2866 3592 erat

399 3634 570 3672 meus.
654 3609 771 3670 Sed
814 3621 877 3667 et
900 3608 986 3666 sic
1015 3605 1248 3664 locutus
1290 3605 1483 3665 fuerat
1527 3608 1808 3678 Plautus:
1849 3611 2028 3688 quod,
2073 3609 2275 3680 credo,
2302 3610 2466 3672 Juris
2505 3611 2868 3688 Interpretes

398 3699 843 3750 annotaverunt.
2145 3745 2148 3750 Ι

483 3767 600 3827 Sed
630 3766 766 3825 cum
795 3766 853 3823 in
883 3763 970 3833 iis,
994 3783 1126 3842 quae
1152 3765 1421 3845 superius
1450 3765 1486 3824 a
1517 3765 1800 3824 Suetonio
1826 3765 2045 3843 scripta
2071 3778 2229 3836 sunt,
2259 3767 2410 3829 bene
2439 3767 2622 3826 multa
2647 3769 2864 3845 reperi-

400 3857 593 3919 antur,
642 3865 773 3923 quae
820 3844 1182 3903 exactiorem
1230 3845 1481 3924 aliquam
1516 3844 1978 3924 disquisitionem
2019 3846 2353 3924 requirant:
2395 3847 2468 3906 ali
2515 3845 2633 3906 uod
2672 3865 2864 3922 operae

398 3925 650 4004 pretium
678 3923 804 3983 fore
823 3920 1093 3992 arbitror,
1113 3921 1241 3982 siin
1263 3924 1458 3983 locum
1477 3943 1648 3982 suum
1671 3943 1738 3982 ea
1757 3923 2070 3992 retraham,
2095 3945 2226 4001 quae
2243 3924 2280 3982 ὃ
2299 3945 2392 3984 me
2528 3925 2623 3984 inc
2643 3923 2864 4004 aliquot

400 4003 563 4062 annis
590 4003 809 4080 scripta
834 4013 971 4060 sunt
999 4001 1075 4060 de
1113 4014 1292 4062 aetate
1330 4001 1615 4062 Terentii.
1697 4001 1876 4080 AEqui
1925 4014 1988 4060 et
2031 4002 2280 4064 studiosi
2323 4002 2630 4073 Lectores,
2673 4023 2862 4082 spero,

398 4081 713 4160 diligentiae
741 4093 952 4141 nostrae
976 4081 1281 4140 favebunt.

1167 4299 1267 4346 DE
1300 4297 1552 4348 AETATE
1589 4297 1642 4345 P.
1675 4295 2031 4346 TERENTII.

478 4417 783 4474 Dncnuvx
812 4410 986 4472 hodie
1025 4432 1289 4490 quaerere
1327 4412 1666 4492 diligentius
1707 4412 1882 4492 paulo
1965 4411 2098 4472 uam
2139 4412 2308 4474 abiis
2334 4414 2557 4475 factum
2587 4426 2678 4474 est
2717 4435 2866 4496 quos

396 4492 659 4562 viderim,
689 4489 909 4550 certius
954 4509 1027 4549 ue
1048 4503 1107 4550 et
1130 4491 1346 4550 clarius
1363 4493 1619 4560 tradere,
1645 4511 1910 4572 quaenam
1989 4492 2195 4552 ereutii
2215 4504 2358 4553 :etas
2373 4493 2575 4554 fuerit:
2605 4504 2730 4553 tum
2753 4494 2866 4554 dif-

400 4568 691 4655 ficultates
716 4509 1025 4629 nonnuilas
1050 4569 1325 4641 enodare,
1370 4589 1501 4650 quae
1528 4570 1689 4630 circa
1713 4571 1871 4630 illum⁴
1897 4571 2034 4631 oriri
2062 4573 2272 4643 solent,
2301 4575 2420 4652 qua
2443 4591 2521 4631 ex
2551 4592 2614 4631 re
2641 4573 2868 4653 aliquid

404 4644 663 4704 utilitatis
688 4648 764 4707 ad
792 4669 893 4709 eos
919 4660 1333 4730 perventurum
1360 4651 1505 4722 scio,
1532 4649 1635 4729 qui
1661 4649 1761 4710 illo
1786 4652 2074 4732 scriptore
2100 4651 2489 4711 delectantur·
2568 4651 2644 4709 Id
2662 4665 2864 4716 antem
