3067 4959
1161 378 1174 397 ..
1217 296 1867 363 TERENTIANA.
2674 305 2767 371 111

271 482 484 523 scenae
537 463 822 525 secunde
861 463 1210 525 dubitarem.
1317 463 1399 523 D.
1449 464 1581 530 Hoc
1628 462 1769 541 quid
1807 462 1883 522 sit
1900 463 1932 520 9
2032 463 2094 522 S.
2160 468 2368 527 omues
2446 468 2507 527 ui
2543 478 2771 542 amant‚.

262 546 548 621 graviter
574 544 688 603 sibi
711 544 846 603 dori
871 562 1096 602 uxorem
1111 544 1330 619 serunt
1354 566 1376 600 .-
1432 541 1687 599 sciebam
1716 540 1867 599 enim
1906 542 2064 610 Quid
2084 542 2234 603 hoc?
2274 564 2457 623 magns
2484 564 2609 603 esse
2637 547 2755 606 Te-

270 622 647 690 rentianum,
677 624 870 701 quam,
907 620 1063 689 Quid
1083 619 1187 679 hoc
1210 619 1328 679 sit?
1410 618 1611 678 Taceo
1646 619 1801 696 quod
1840 620 1923 678 ita
1952 634 2369 681 concurrentes
2408 642 2527 681 non
2567 624 2753 697 hiant,

271 710 348 757 ut
375 713 564 759 antea
593 702 837 759 vocales.
919 700 1072 759 Cum
1103 714 1246 775 ergo
1275 709 1514 775 propter
1542 709 1904 756 venustatem
1935 699 2071 755 mihi
2108 703 2227 777 jam
2256 712 2413 759 esset
2436 701 2603 761 locus
2628 722 2754 761 sus-

269 790 522 853 pectus.
556 790 618 837 et
655 780 936 857 scriptum
978 786 1183 855 postea
1219 775 1280 832 in
1321 775 1446 833 aliis
1487 776 1921 851 exemplaribus
1962 778 2333 847 advertet-im,
2382 780 2577 838 Minor
2613 782 2755 870 quid

266 854 382 913 hoc
409 857 493 914 sit
511 858 546 914 ἓ
573 858 836 933 judicavi
860 854 1196 931 interpretis
1221 855 1400 912 verba
1425 872 1533 930 pro
1564 853 1931 913 Terentianis
1956 856 2013 911 in
2044 868 2389 914 contextum
2430 858 2749 934 irrepsisse.

269 932 453 991 Fecit
483 936 778 993 sententia
803 948 871 993 ut
899 933 1038 992 illud
1063 951 1256 991 scenae
1279 937 1340 991 4.
1423 932 1640 991 Audi-oi
1670 932 1961 1000 Archillis,
1982 936 2327 1011 jamdudum
2357 934 2619 995 Lesbiam
2644 938 2749 995 od·

265 1011 414 1070 duci
414 1012 623 1091 jubes,
651 1012 733 1073 ita
761 1014 1119 1091 legeremus:
1164 1010 1376 1069 Audivi
1405 1008 1696 1078 Archillis,
1705 1012 2049 1089 jamdudum
2078 1011 2231 1089 quod
2248 1014 2511 1073 Lesbiam
2538 1014 2749 1074 adduci

240 1088 452 1167 jubes.
557 1094 694 1157 Quo
743 1092 799 1149 in
843 1093 997 1161 loco,
1039 1089 1176 1168 quia
1213 1089 1438 1147 scilicet
1483 1088 1758 1166 corrupte
1798 1089 2125 1167 legebatur,
2165 1091 2447 1149 incertam
2477 1111 2605 1151 esse
2631 1092 2748 1150 dis-

261 1165 625 1227 tinctionem
657 1170 883 1228 notavit
912 1170 1217 1227 Donatus:
1261 1178 1433 1225 taceo
1460 1167 1521 1223 id
1548 1186 1777 1225 versum
1851 1186 2041 1244 uoque
2080 1168 2393 1247 postulare,
2436 1169 2534 1247 qui
2578 1182 2745 1229 octo·

260 1246 468 1305 narius
492 1260 592 1305 est
615 1248 920 1317 iambicus,
951 1258 1019 1305 ut
1043 1246 1093 1304 is
1120 1245 1218 1324 qui
1247 1244 1530 1323 sequitur,
1563 1242 1720 1305 San?
1754 1188 1854 1323 po}
1878 1244 1977 1304 illa
2006 1246 2307 1306 temulenta
2334 1256 2417 1307 est
2442 1248 2663 1321 mulier,
2692 1258 2749 1308 et

258 1326 603 1385 temeraria.

345 1402 526 1462 Fecit
554 1404 846 1463 sententia
873 1415 939 1463 ut
966 1402 1112 1461 illud
1143 1402 1406 1462 Chaereae
1433 1400 1490 1457 in
1507 1400 1834 1472 Eunucho,
1868 1402 2081 1461 Occidi.

347 1482 566 1561 Neque
594 1483 753 1559 virgo
780 1492 860 1542 est
887 1502 1144 1561 usquam,
1175 1500 1276 1538 nec
1302 1500 1424 1557 ego,
1463 1480 1563 1557 qui
1600 1480 1630 1537 ὲ
1667 1490 1961 1558 conspectu
1997 1479 2155 1538 illam
2196 1482 2363 1541 amici
2399 1503 2537 1542 meo.
2632 1482 2745 1546 Ubi

261 1558 528 1637 'quaerom
547 1560 581 1617 ,9
622 1560 718 1619 ubi
741 1561 1070 1640 investigem
1089 1560 1121 1616 9
1161 1578 1322 1638 quem
1355 1558 1701 1634 perconter?
1738 1578 1905 1636 quom
1932 1558 2185 1617 insistam
2228 1561 2423 1619 viam?
2478 1562 2742 1619 Incertus

261 1658 424 1696 sum:
457 1659 580 1697 una
607 1640 730 1699 haec
747 1661 872 1719 spes
889 1648 991 1706 est,
1021 1638 1120 1696 ubi
1144 1636 1243 1695 ubi
1268 1644 1368 1701 est,
1395 1636 1498 1693 diu
1523 1634 1701 1695 celari
1727 1656 1837 1695 non
1860 1646 2043 1715 potest
2061 1658 2081 1691 .·
2130 1638 2223 1696 Ita
2250 1639 2595 1716 legeremus,
2630 1640 2739 1697 Oc·

262 1716 401 1783 cidi,
425 1718 640 1795 Neque
658 1719 820 1795 virgo
839 1728 922 1777 est
943 1736 1200 1795 usquam,
1225 1734 1404 1791 neque
1421 1734 1543 1791 eg0,
1565 1714 1665 1791 qui
1684 1712 1716 1773 ἒ
1736 1724 2027 1792 conspectu
2049 1714 2205 1774 illam
2228 1718 2394 1777 omisi
2408 1739 2545 1777 meo.
2628 1716 2741 1778 Ubi

264 1814 528 1869 quceram
547 1796 584 1851 ἓ
631 1797 726 1855 ubi
761 1795 1134 1874 investigem?
1179 1813 1342 1872 quem
1379 1793 1721 1871 perconter?
1776 1813 1943 1870 quam
1984 1793 2238 1853 insistam
2280 1797 2425 1855 viam
2442 1797 2473 1853 3
2537 1797 2739 1855 Certus

265 1891 389 1929 sum
411 1898 436 1941 ,-
483 1894 602 1931 mm
629 1874 752 1933 haec
776 1896 899 1951 spes
925 1883 1028 1941 est,
1059 1872 1155 1931 ubi
1180 1871 1277 1929 ubi
1303 1882 1405 1939 est,
1434 1871 1536 1928 diu
1561 1869 1738 1929 celari
1762 1891 1874 1929 non
1898 1880 2099 1949 potest.
2184 1874 2442 1950 Angitur
2468 1873 2737 1931 nimirum

268 1949 470 2007 animo
501 1951 768 2021 Chaerea,
797 1965 859 2011 et
892 1972 956 2011 se
979 1950 1260 2027 virginem
1301 1950 1334 2007 ὲ
1376 1960 1700 2025 conspectu
1738 1947 2080 2025 perdidisse,
2122 1970 2315 2028 neque
2354 1951 2505 2008 scire
2542 1964 2739 2009 tamen

272 2029 398 2102 qua
422 2028 500 2085 ad
531 2048 662 2087 eam
690 2030 912 2088 ratione
938 2048 1134 2087 rursus
1162 2028 1506 2105 perveniret.
1592 2026 1672 2085 Et
1700 2028 1883 2096 certe,
1929 2027 2087 2104 quod
2130 2031 2279 2106 pene
2322 2027 2735 2107 praeterieram,

271 2116 436 2163 stare
465 2106 752 2166 iambicus
779 2108 1110 2166 octonarius
1135 2106 1183 2163 si
1211 2106 1388 2181 legas,
1415 2106 1665 2165 incertus
1699 2125 1840 2173 sum,
1884 2124 2000 2163 non
2042 2117 2253 2183 potest.
2356 2108 2571 2183 Operae
2610 2125 2737 2184 pre·

267 2182 424 2253 tium
454 2195 546 2243 est
577 2184 796 2244 Donati
821 2186 1025 2245 audire
1052 2185 1110 2242 in
1137 2203 1268 2241 eum
1298 2184 1491 2243 locum
1533 2182 1811 2261 argutias.
1892 2184 1965 2241 In
2010 2182 2359 2243 Phormione
2383 2185 2563 2243 verba
2600 2194 2739 2243 sunt

267 2260 453 2331 ‚Getae
477 2263 630 2321 servi
657 2264 842 2342 flagra
866 2263 1140 2333 timentis,
1171 2274 1232 2321 et
1259 2281 1329 2320 ea
1348 2282 1412 2321 se
1429 2262 1613 2321 vitare
1634 2281 1802 2339 posse
1821 2262 2199 2339 desperantis.
2269 2263 2370 2323 Ad
2386 2272 2737 2362 precatorem

265 2340 462 2399 abeam
490 2343 680 2411 credo,
710 2344 811 2421 qui
846 2343 986 2403 mihi
1023 2344 1103 2403 sic
1142 2350 1283 2410 oret,
1329 2342 1501 2400 Nunc
1531 2340 1728 2399 amitte
1770 2361 1958 2419 quaeso
1996 2340 2165 2412 hunc,
2204 2353 2470 2401 caeterum
2500 2340 2738 2420 posthae

265 2419 588 2556 gicqwm,
618 2420 706 2481 nil
723 2443 944 2500 precor,
972 2420 1357 2481 tantummodo
1384 2440 1496 2477 non
1520 2420 1719 2487 addat,
1748 2418 1845 2477 ubi
1864 2412 1965 2499 ego
1985 2420 2116 2479 hinc
2136 2420 2347 2489 obiero,
2372 2418 2462 2479 vel
2478 2420 2735 2479 occidito.

331 2498 390 2555 bi
419 2518 526 2558 nos
567 2501 883 2578 legendum
929 2512 1222 2578 putamus,
1263 2519 1376 2556 non
1420 2498 1627 2567 caedas,
1676 2496 1783 2554 nisi
1830 2499 2041 2557 addere
2092 2519 2201 2576 pro
2246 2500 2465 2558 eaedere
2506 2511 2733 2558 veteres

265 2578 667 2654 usurpabant:
709 2579 768 2637 id
799 2580 1059 2657 postulat
1086 2576 1321 2635 omnino
1346 2576 1659 2645 sententia,
1688 2574 1909 2634 indicat
1936 2578 2095 2654 quod
2122 2575 2337 2647 intulit,
2366 2576 2455 2636 vel
2480 2578 2733 2637 occidito.

266 2653 336 2711 ln
380 2656 627 2716 Andriae
667 2660 814 2717 Act.
842 2657 888 2715 1.
917 2676 1078 2715 scen.
1107 2656 1189 2714 11.
1218 2654 1300 2712 ita
1326 2655 1653 2732 legebatur,
1686 2654 1780 2712 Ne
1816 2664 2021 2713 temere
2029 2656 2255 2732 stacius,
2285 2675 2461 2733 neque
2486 2665 2550 2714 tu
2568 2650 2737 2713 Ὶιαιιιί

265 2732 440 2802 dicos,
493 2736 602 2794 tibi
653 2758 764 2797 non
795 2736 1168 2814 pradictum,
1211 2754 1364 2792 cave.
1445 2732 1514 2789 ln
1572 2752 1703 2791 eum
1746 2751 1975 2791 versum
2014 2734 2095 2791 ita
2135 2734 2515 2811 interpretum
2563 2752 2731 2792 unus.

267 2810 422 2869 Duae
449 2814 792 2891 negationes
829 2834 1000 2873 unam
1029 2812 1256 2871 faciunt
1293 2810 1753 2880 affirmationem,
1798 2824 1917 2870 tres
1956 2812 2299 2889 negationes
2340 2831 2446 2888 pro
2487 2809 2731 2869 affirma-

263 2888 426 2949 tione
454 2893 576 2950 una
595 2904 924 2960 sumuntur,
955 2906 1022 2951 ut
1045 2892 1146 2949 hic
1183 2910 1380 2968 neque,
1421 2889 1597 2959 haud,
1637 2910 1771 2949 non.
1870 2890 2039 2949 Alter
2080 2890 2309 2949 tertiam
2357 2890 2729 2967 negationem

265 2968 392 3025 vult
409 2969 754 3030 redundare.
812 2972 1080 3049 Uterque
1101 2968 1266 3027 testis
1285 2979 1394 3034 est,
1419 2966 1561 3025 alios
1580 2987 1687 3045 pro
1704 2968 1875 3035 haud,
1890 2968 2098 3044 legisse
2116 2969 2219 3027 hoc
2230 2993 2255 3037 ,-
2287 2987 2459 3044 quam
2478 2988 2591 3045 ego
2608 2968 2729 3026 lec-

269 3044 493 3103 tionem
505 3048 788 3107 verioretn
807 3059 972 3125 puto,
994 3060 1056 3107 et
1073 3046 1354 3115 Terentio
1375 3045 1721 3123 digniorem.
1770 3044 1947 3103 Paulo
1962 3045 2095 3102 ante
2113 3046 2191 3103 ita
2214 3046 2392 3113 Simo,
2420 3046 2576 3113 Quid
2589 3045 2730 3105 hoc?

273 3122 626 3181 Intelleoetin'
642 3126 672 3183 8
713 3128 808 3185 An
830 3126 1072 3185 nondum
1093 3125 1262 3183 etiam
1285 3124 1387 3184 hoc
1407 3126 1631 3203 quidem
1646 3124 1677 3181 ἓ
1706 3123 1880 3189 Quod
1902 3123 2037 3181 cum
2062 3136 2121 3181 et
2138 3122 2394 3197 postulet
2416 3123 2727 3193 sententia,

272 3220 472 3277 neque
498 3202 650 3261 desit
675 3203 848 3261 etiam
879 3203 1098 3262 codicis
1123 3202 1534 3269 testimonium,
1564 3202 1663 3280 qui
1691 3202 1849 3259 haud
1872 3200 2093 3259 malunt
2120 3214 2335 3267 tamen,
2362 3198 2559 3257 facere
2588 3199 2727 3259 mibi

271 3277 566 3351 videntur,
597 3294 661 3341 ut
688 3282 948 3341 Terentii
977 3280 1163 3340 verbis
1192 3294 1342 3351 utar,
1372 3300 1464 3339 nae
1497 3278 1881 3357 intelligendo
1925 3292 1987 3336 ut
2024 3278 2161 3336 nihil
2194 3277 2556 3354 intelligant:
2602 3278 2723 3355 qui,

267 3359 432 3419 Neve
453 3370 523 3419 tu
547 3361 614 3419 id
635 3362 794 3421 dicos
814 3385 838 3419 .-
923 3381 1006 3428 ro,
1038 3362 1241 3439 Neque
1266 3370 1330 3418 tu
1351 3359 1510 3417 haud
1542 3360 1700 3418 dicas
1742 3358 2020 3435 reposuit,
2064 3359 2165 3435 qui
2205 3356 2358 3415 ferre
2386 3358 2723 3417 octonarius

267 3453 465 3515 posset
491 3439 775 3498 iambicus
803 3382 946 3497 mii:
973 3458 1194 3515 parum.
1286 3440 1366 3497 At
1402 3456 1595 3514 neque
1636 3437 1748 3494 hoc
1790 3436 2015 3495 tantum
2056 3436 2188 3495 loco
2229 3454 2335 3513 pro
2374 3435 2496 3505 hoc,
2540 3432 2729 3497 Haud

266 3516 544 3594 scriptum
574 3518 862 3595 flagitiose
887 3514 1288 3577 animadverti.
1371 3516 1440 3572 In
1473 3516 1729 3590 Hecytae
1759 3517 1901 3573 Act.
1931 3515 2047 3573 111.
2072 3534 2154 3572 sc.
2188 3514 2235 3573 1.
2277 3513 2357 3572 ita
2398 3512 2719 3573 Parmeno:

267 3594 422 3655 houd
443 3596 627 3656 hercle
654 3598 876 3675 quidem
897 3616 1106 3676 porum
1132 3604 1216 3653 est
1237 3618 1260 3652 .·
1303 3592 1403 3651 ubi
1432 3593 1766 3669 legendum,
1798 3594 1925 3653 Hoc
1950 3590 2137 3651 hercle
2154 3593 2375 3671 quidem
2398 3614 2601 3669 porum
2618 3603 2721 3652 est.

271 3672 416 3731 Nam
446 3676 582 3734 cum
611 3674 891 3750 singulari
917 3675 1113 3752 aliqua
1147 3672 1356 3750 injuria
1391 3671 1547 3729 inter
1588 3690 1830 3729 uxorem
1872 3683 1935 3728 et
1974 3683 2239 3740 matrem,
2278 3671 2423 3729 itam
2452 3672 2725 3730 crederet

271 3748 600 3831 Pamphilus
623 3754 964 3819 excitatam,
985 3772 1118 3830 quae
1139 3763 1256 3810 tam
1274 3750 1512 3807 durata:
1533 3749 1655 3817 diu,
1682 3748 1993 3826 animoque
2016 3748 2221 3807 misere
2238 3750 2313 3807 ob
2336 3767 2461 3807 eam
2485 3767 2721 3809 causam

268 3836 654 3906 torqueretur,
707 3830 1004 3908 velletque
1059 3831 1201 3887 hero
1260 3828 1547 3886 Parmeno
1593 3826 2051 3887 consolationem
2107 3827 2359 3903 aliquam
2420 3826 2719 3897 adhibere,

271 3921 464 3965 monet
490 3909 626 3968 nihil
655 3910 716 3967 id
745 3928 892 3977 esse,
923 3908 1080 3987 quod
1110 3921 1228 3966 tam
1257 3924 1436 3983 grave
1454 3906 1554 3964 ille
1580 3904 1941 3965 existimaret
1964 3929 1981 3973 ς
2006 3903 2361 3982 subjicitque
2382 3906 2548 3981 pueri
2569 3905 2723 3965 inter

271 4000 398 4041 sese
425 3988 588 4063 quam
615 4006 724 4067 pro
751 3988 974 4047 levibus
1003 3986 1194 4044 noxiis
1220 3986 1334 4043 iras
1359 3995 1575 4063 gerunt
1594 3984 1625 4039 Ρ
1707 3982 2127 4061 Quapropter?
2169 3984 2307 4060 quia
2324 3983 2477 4041 enim
2497 3984 2597 4063 qui
2618 4004 2720 4045 eos

315 4062 554 4123 ubernat
577 4068 818 4135 animus,
851 4064 1140 4123 infirmum
1170 4075 1420 4142 gerunt:
1462 4061 1664 4121 itidem
1693 4060 1965 4121 mulieres
2002 4072 2140 4119 sunt
2177 4060 2382 4129 ferme,
2425 4074 2491 4119 ut
2530 4062 2719 4141 pueri,

293 4139 384 4198 evi
409 4144 706 4203 sententist.
787 4145 1062 4204 Fortasse
1089 4161 1270 4201 unum
1296 4140 1532 4219 aliquod
1561 4142 1801 4200 verbum
1832 4140 1984 4199 inter
2018 4158 2117 4199 eas
2152 4139 2309 4199 hanc
2350 4139 2497 4199 iram
2522 4142 2720 4201 conci-

257 4216 435 4278 ‘verit.
517 4221 861 4282 Incredibile
887 4234 1000 4292 est,
1027 4222 1204 4300 quam
1233 4219 1418 4278 multa
1455 4220 1687 4297 generis
1727 4220 1919 4296 huius,
1962 4217 2201 4296 quoquo
2250 4238 2345 4277 me
2386 4230 2570 4287 verto,
2617 4236 2718 4276 oc-

269 4310 526 4357 currant.
607 4300 738 4359 Non
762 4301 1060 4361 discedam
1089 4303 1163 4361 ab
1192 4319 1264 4359 eo
1291 4297 1456 4357 loco:
1503 4308 1811 4376 totumque
1836 4296 1987 4357 adeo
2026 4296 2295 4369 referam,
2335 4295 2451 4373 quo
2490 4293 2719 4353 facilius

266 4394 360 4437 res
387 4376 571 4438 teneri
596 4380 812 4459 possit:
1594 4422 1619 4447 χ

579 4492 672 4541 sed
691 4508 909 4556 magnum
931 4492 1084 4541 nescio
1104 4490 1212 4553 quid
1231 4504 1416 4539 necesse
1433 4494 1508 4537 est
1525 4487 1715 4543 venisse,
1740 4484 1983 4544 Parmeno,

543 4593 556 4605 .
582 4556 722 4608 Unde
739 4558 810 4605 ‘u-a.
827 4559 947 4605 inter
968 4570 1045 4605 eas
1065 4555 1328 4609 intercessit,
1353 4569 1455 4617 quae
1477 4562 1571 4601 tam
1592 4550 1837 4629 permansit
1856 4550 1948 4597 diu.
2107 4609 2119 4623 ο
2420 4600 2432 4613 ·

577 4622 695 4669 Por.
761 4620 874 4669 Hoc
894 4620 1045 4669 hercle
1067 4620 1246 4683 quidem
1265 4632 1422 4681 parurn
1443 4624 1514 4665 est
1532 4634 1548 4664 :
1584 4630 1623 4663 s:
1640 4617 1711 4663 vis
1732 4610 1841 4661 vero
1861 4628 2015 4661 veram
2036 4616 2255 4661 tattonem
2274 4614 2448 4663 «3011111»

576 4684 692 4734 Non
713 4680 950 4741 maximam
973 4700 1077 4749 que
1099 4682 1308 4735 maudmae
1329 4688 1438 4732 sunt
1457 4680 1681 4751 interdum
1703 4680 1797 4734 im,
1816 4676 2001 4739 injufiu
