<?xml version="1.0" encoding="UTF-8"?>
<!DOCTYPE html PUBLIC "-//W3C//DTD XHTML 1.0 Transitional//EN"
    "http://www.w3.org/TR/xhtml1/DTD/xhtml1-transitional.dtd">
<html xmlns="http://www.w3.org/1999/xhtml" xml:lang="en" lang="en">
 <head>
  <title>
</title>
<meta http-equiv="Content-Type" content="text/html;charset=utf-8" />
  <meta name='ocr-system' content='tesseract 3.04.00' />
  <meta name='ocr-capabilities' content='ocr_page ocr_carea ocr_par ocr_line ocrx_word'/>
</head>
<body>
  <div class='ocr_page' id='page_1' title='image "./comdisex00unkngoog_0096.png"; bbox 0 0 3067 4959; ppageno 0'>
   <div class='ocr_carea' id='block_1_1' title="bbox 269 254 1876 326">
    <p class='ocr_par' dir='ltr' id='par_1_1' title="bbox 269 254 1876 326">
     <span class='ocr_line' id='line_1_1' title="bbox 269 254 1876 326; baseline 0.001 -2"><span class='ocrx_word' id='word_1_1' title='bbox 269 254 495 325; x_wconf 58' lang='lat' dir='ltr'><strong>lxxxri</strong></span> <span class='ocrx_word' id='word_1_2' title='bbox 1142 256 1876 326; x_wconf 77' lang='lat' dir='ltr'>PROLEGOMENA</span> 
     </span>
    </p>
   </div>
   <div class='ocr_carea' id='block_1_2' title="bbox 276 418 2752 1724">
    <p class='ocr_par' dir='ltr' id='par_1_2' title="bbox 276 418 2748 643">
     <span class='ocr_line' id='line_1_2' title="bbox 276 418 2748 557; baseline 0.002 -80"><span class='ocrx_word' id='word_1_3' title='bbox 276 420 436 557; x_wconf 49' lang='lat' dir='ltr'><strong>spinalti</strong></span> <span class='ocrx_word' id='word_1_4' title='bbox 456 420 765 498; x_wconf 82' lang='lat' dir='ltr'><strong>Virgilium</strong></span> <span class='ocrx_word' id='word_1_5' title='bbox 793 421 999 481; x_wconf 82' lang='lat' dir='ltr'><strong>ultima</strong></span> <span class='ocrx_word' id='word_1_6' title='bbox 1017 420 1405 501; x_wconf 77' lang='lat' dir='ltr'><strong>praecedentis</strong></span> <span class='ocrx_word' id='word_1_7' title='bbox 1422 418 1589 478; x_wconf 89' lang='lat' dir='ltr'><strong>initio</strong></span> <span class='ocrx_word' id='word_1_8' title='bbox 1609 418 1964 499; x_wconf 86' lang='lat' dir='ltr'><strong>quandoque</strong></span> <span class='ocrx_word' id='word_1_9' title='bbox 1980 419 2342 500; x_wconf 81' lang='lat' dir='ltr'><strong>insequentis</strong></span> <span class='ocrx_word' id='word_1_10' title='bbox 2361 422 2714 483; x_wconf 70' lang='lat' dir='ltr'><strong>absorbetur</strong></span> <span class='ocrx_word' id='word_1_11' title='bbox 2727 444 2748 483; x_wconf 68' lang='grc' dir='ltr'><strong><em>τ</em></strong></span> 
     </span>
     <span class='ocr_line' id='line_1_3' title="bbox 320 510 603 559; baseline 0.007 -2"><span class='ocrx_word' id='word_1_12' title='bbox 320 518 357 557; x_wconf 92' lang='lat' dir='ltr'><strong>u</strong></span> <span class='ocrx_word' id='word_1_13' title='bbox 416 518 451 557; x_wconf 86' lang='lat' dir='ltr'><strong>e</strong></span> <span class='ocrx_word' id='word_1_14' title='bbox 477 510 565 559; x_wconf 87' lang='lat' dir='ltr'><strong>est</strong></span> <span class='ocrx_word' id='word_1_15' title='bbox 586 521 603 559; x_wconf 70' lang='grc' dir='ltr'><em>ε</em></span> 
     </span>
     <span class='ocr_line' id='line_1_4' title="bbox 276 516 1777 643; baseline -0.001 -17"><span class='ocrx_word' id='word_1_16' title='bbox 276 516 317 577; x_wconf 70' lang='lat' dir='ltr'>q</span> <span class='ocrx_word' id='word_1_17' title='bbox 538 578 665 626; x_wconf 84' lang='lat' dir='ltr'><strong>Ecce</strong></span> <span class='ocrx_word' id='word_1_18' title='bbox 685 578 841 627; x_wconf 79' lang='lat' dir='ltr'><strong>furens</strong></span> <span class='ocrx_word' id='word_1_19' title='bbox 862 580 1022 628; x_wconf 82' lang='lat' dir='ltr'><strong>animis</strong></span> <span class='ocrx_word' id='word_1_20' title='bbox 1042 582 1194 628; x_wconf 86' lang='lat' dir='ltr'><strong>aderat</strong></span> <span class='ocrx_word' id='word_1_21' title='bbox 1214 580 1482 642; x_wconf 80' lang='lat' dir='ltr'><strong>Tyrinthius</strong></span> <span class='ocrx_word' id='word_1_22' title='bbox 1504 595 1777 643; x_wconf 85' lang='lat' dir='ltr'><strong>omnemque</strong></span> 
     </span>
    </p>

    <p class='ocr_par' dir='ltr' id='par_1_3' title="bbox 278 644 2752 865">
     <span class='ocr_line' id='line_1_5' title="bbox 544 644 1085 693; baseline 0.002 -2"><span class='ocrx_word' id='word_1_23' title='bbox 544 644 789 692; x_wconf 77' lang='lat' dir='ltr'><strong>Accessum</strong></span> <span class='ocrx_word' id='word_1_24' title='bbox 809 646 1019 693; x_wconf 78' lang='lat' dir='ltr'><strong>lustrans.</strong></span> <span class='ocrx_word' id='word_1_25' title='bbox 1040 670 1085 681; x_wconf 71' lang='grc'><strong>«-</strong></span> 
     </span>
     <span class='ocr_line' id='line_1_6' title="bbox 278 705 2752 787; baseline 0.004 -27"><span class='ocrx_word' id='word_1_26' title='bbox 278 750 287 760; x_wconf 87' lang='grc'><strong>.</strong></span> <span class='ocrx_word' id='word_1_27' title='bbox 362 706 703 783; x_wconf 79' lang='lat' dir='ltr'><strong>cujusmodi</strong></span> <span class='ocrx_word' id='word_1_28' title='bbox 752 728 952 767; x_wconf 85' lang='lat' dir='ltr'><strong>versus</strong></span> <span class='ocrx_word' id='word_1_29' title='bbox 1007 707 1317 787; x_wconf 73' lang='grc' dir='ltr'>ὑπερμέτροι</span> <span class='ocrx_word' id='word_1_30' title='bbox 1360 706 1673 776; x_wconf 84' lang='lat' dir='ltr'><strong>dicuntur;</strong></span> <span class='ocrx_word' id='word_1_31' title='bbox 1723 705 1918 773; x_wconf 89' lang='lat' dir='ltr'><strong>sicuti,</strong></span> <span class='ocrx_word' id='word_1_32' title='bbox 1961 718 2175 784; x_wconf 70' lang='lat' dir='ltr'><strong>praeter</strong></span> <span class='ocrx_word' id='word_1_33' title='bbox 2209 708 2375 778; x_wconf 86' lang='lat' dir='ltr'><strong>alios,</strong></span> <span class='ocrx_word' id='word_1_34' title='bbox 2421 708 2752 770; x_wconf 82' lang='lat' dir='ltr'><strong>Diomedes</strong></span> 
     </span>
     <span class='ocr_line' id='line_1_7' title="bbox 280 786 2078 865; baseline 0 -24"><span class='ocrx_word' id='word_1_35' title='bbox 280 786 557 845; x_wconf 76' lang='lat' dir='ltr'><strong>ostendit.</strong></span> <span class='ocrx_word' id='word_1_36' title='bbox 641 787 847 851; x_wconf 86' lang='lat' dir='ltr'><strong>Qualis</strong></span> <span class='ocrx_word' id='word_1_37' title='bbox 874 788 971 846; x_wconf 88' lang='lat' dir='ltr'><strong>ille</strong></span> <span class='ocrx_word' id='word_1_38' title='bbox 999 789 1171 846; x_wconf 86' lang='lat' dir='ltr'><strong>etiam</strong></span> <span class='ocrx_word' id='word_1_39' title='bbox 1203 788 1359 865; x_wconf 88' lang='lat' dir='ltr'><strong>apud</strong></span> <span class='ocrx_word' id='word_1_40' title='bbox 1392 786 1732 844; x_wconf 84' lang='lat' dir='ltr'><strong>Terentium</strong></span> <span class='ocrx_word' id='word_1_41' title='bbox 1765 786 1822 843; x_wconf 87' lang='lat' dir='ltr'><strong>in</strong></span> <span class='ocrx_word' id='word_1_42' title='bbox 1854 786 2078 845; x_wconf 86' lang='lat' dir='ltr'><strong>Andr.:</strong></span> 
     </span>
    </p>

    <p class='ocr_par' dir='ltr' id='par_1_4' title="bbox 538 864 1998 929">
     <span class='ocr_line' id='line_1_8' title="bbox 538 864 1998 929; baseline -0.001 -16"><span class='ocrx_word' id='word_1_43' title='bbox 538 866 671 913; x_wconf 84' lang='lat' dir='ltr'><strong>Tuus</strong></span> <span class='ocrx_word' id='word_1_44' title='bbox 688 874 816 928; x_wconf 76' lang='lat' dir='ltr'><strong>pater</strong></span> <span class='ocrx_word' id='word_1_45' title='bbox 836 864 973 913; x_wconf 69' lang='lat' dir='ltr'><strong>modo</strong></span> <span class='ocrx_word' id='word_1_46' title='bbox 994 883 1068 914; x_wconf 88' lang='lat' dir='ltr'><strong>me</strong></span> <span class='ocrx_word' id='word_1_47' title='bbox 1088 867 1332 929; x_wconf 80' lang='lat' dir='ltr'><strong>prehendit,</strong></span> <span class='ocrx_word' id='word_1_48' title='bbox 1354 868 1417 913; x_wconf 89' lang='lat' dir='ltr'><strong>ait</strong></span> <span class='ocrx_word' id='word_1_49' title='bbox 1438 866 1516 911; x_wconf 83' lang='lat' dir='ltr'><strong>tibi</strong></span> <span class='ocrx_word' id='word_1_50' title='bbox 1541 880 1726 911; x_wconf 81' lang='lat' dir='ltr'><strong>uxorem</strong></span> <span class='ocrx_word' id='word_1_51' title='bbox 1749 866 1855 913; x_wconf 78' lang='lat' dir='ltr'><strong>dare</strong></span> <span class='ocrx_word' id='word_1_52' title='bbox 1876 879 1927 912; x_wconf 79' lang='lat' dir='ltr'><strong>se</strong></span> <span class='ocrx_word' id='word_1_53' title='bbox 1948 878 1998 912; x_wconf 78' lang='lat' dir='ltr'><strong>se</strong></span> 
     </span>
    </p>

    <p class='ocr_par' dir='ltr' id='par_1_5' title="bbox 544 930 1263 995">
     <span class='ocr_line' id='line_1_9' title="bbox 544 930 1263 995; baseline 0.001 -18"><span class='ocrx_word' id='word_1_54' title='bbox 544 930 699 977; x_wconf 86' lang='lat' dir='ltr'><strong>Hodie</strong></span> <span class='ocrx_word' id='word_1_55' title='bbox 718 949 729 977; x_wconf 72' lang='grc' dir='ltr'><strong>ι</strong></span> <span class='ocrx_word' id='word_1_56' title='bbox 766 932 875 979; x_wconf 82' lang='lat' dir='ltr'><strong>item</strong></span> <span class='ocrx_word' id='word_1_57' title='bbox 898 931 983 979; x_wconf 79' lang='lat' dir='ltr'><strong>alis</strong></span> <span class='ocrx_word' id='word_1_58' title='bbox 1004 932 1159 983; x_wconf 80' lang='lat' dir='ltr'><strong>multa,</strong></span> <span class='ocrx_word' id='word_1_59' title='bbox 1178 932 1263 995; x_wconf 56' lang='grc' dir='ltr'><strong>ξε.</strong></span> 
     </span>
    </p>

    <p class='ocr_par' dir='ltr' id='par_1_6' title="bbox 281 992 2752 1387">
     <span class='ocr_line' id='line_1_10' title="bbox 366 992 2752 1071; baseline 0.001 -18"><span class='ocrx_word' id='word_1_60' title='bbox 366 993 467 1053; x_wconf 90' lang='lat' dir='ltr'><strong>Sic</strong></span> <span class='ocrx_word' id='word_1_61' title='bbox 493 994 647 1053; x_wconf 88' lang='lat' dir='ltr'><strong>enim</strong></span> <span class='ocrx_word' id='word_1_62' title='bbox 677 1014 753 1053; x_wconf 87' lang='lat' dir='ltr'><strong>ex</strong></span> <span class='ocrx_word' id='word_1_63' title='bbox 782 996 1186 1053; x_wconf 87' lang='lat' dir='ltr'><strong>observatione</strong></span> <span class='ocrx_word' id='word_1_64' title='bbox 1208 993 1578 1071; x_wconf 86' lang='lat' dir='ltr'><strong>antiquorum</strong></span> <span class='ocrx_word' id='word_1_65' title='bbox 1603 992 1874 1053; x_wconf 88' lang='lat' dir='ltr'><strong>codicum</strong></span> <span class='ocrx_word' id='word_1_66' title='bbox 1903 992 2187 1071; x_wconf 85' lang='lat' dir='ltr'><strong>legimus;</strong></span> <span class='ocrx_word' id='word_1_67' title='bbox 2212 1012 2324 1053; x_wconf 84' lang='lat' dir='ltr'><strong>nec</strong></span> <span class='ocrx_word' id='word_1_68' title='bbox 2347 993 2518 1053; x_wconf 76' lang='lat' dir='ltr'><strong>sectis</strong></span> <span class='ocrx_word' id='word_1_69' title='bbox 2543 996 2752 1055; x_wconf 81' lang='lat' dir='ltr'><strong>Dona·</strong></span> 
     </span>
     <span class='ocr_line' id='line_1_11' title="bbox 282 1070 2751 1151; baseline 0.002 -22"><span class='ocrx_word' id='word_1_70' title='bbox 282 1081 399 1141; x_wconf 86' lang='lat' dir='ltr'><strong>tus,</strong></span> <span class='ocrx_word' id='word_1_71' title='bbox 430 1084 495 1130; x_wconf 90' lang='lat' dir='ltr'><strong>ut</strong></span> <span class='ocrx_word' id='word_1_72' title='bbox 524 1072 759 1151; x_wconf 87' lang='lat' dir='ltr'><strong>quidem</strong></span> <span class='ocrx_word' id='word_1_73' title='bbox 789 1086 851 1131; x_wconf 86' lang='lat' dir='ltr'><strong>et</strong></span> <span class='ocrx_word' id='word_1_74' title='bbox 882 1074 1147 1131; x_wconf 78' lang='lat' dir='ltr'><strong>Romana</strong></span> <span class='ocrx_word' id='word_1_75' title='bbox 1186 1074 1362 1131; x_wconf 85' lang='lat' dir='ltr'><strong>habet</strong></span> <span class='ocrx_word' id='word_1_76' title='bbox 1392 1083 1452 1130; x_wconf 89' lang='lat' dir='ltr'><strong>et</strong></span> <span class='ocrx_word' id='word_1_77' title='bbox 1482 1070 1712 1129; x_wconf 89' lang='lat' dir='ltr'><strong>Veneta</strong></span> <span class='ocrx_word' id='word_1_78' title='bbox 1749 1070 1950 1140; x_wconf 85' lang='lat' dir='ltr'><strong>editio,</strong></span> <span class='ocrx_word' id='word_1_79' title='bbox 1979 1072 2483 1131; x_wconf 82' lang='lat' dir='ltr'><strong>consentientibus</strong></span> <span class='ocrx_word' id='word_1_80' title='bbox 2523 1087 2584 1133; x_wconf 86' lang='lat' dir='ltr'><strong>et</strong></span> <span class='ocrx_word' id='word_1_81' title='bbox 2621 1076 2751 1133; x_wconf 87' lang='lat' dir='ltr'><strong>aliis</strong></span> 
     </span>
     <span class='ocr_line' id='line_1_12' title="bbox 284 1149 2750 1229; baseline 0.002 -22"><span class='ocrx_word' id='word_1_82' title='bbox 284 1151 664 1229; x_wconf 85' lang='lat' dir='ltr'><strong>quibusdam:</strong></span> <span class='ocrx_word' id='word_1_83' title='bbox 706 1150 806 1209; x_wconf 85' lang='lat' dir='ltr'><strong>hic</strong></span> <span class='ocrx_word' id='word_1_84' title='bbox 834 1151 1011 1229; x_wconf 80' lang='lat' dir='ltr'><strong>igitur</strong></span> <span class='ocrx_word' id='word_1_85' title='bbox 1033 1152 1173 1210; x_wconf 90' lang='lat' dir='ltr'><strong>illud</strong></span> <span class='ocrx_word' id='word_1_86' title='bbox 1202 1171 1263 1209; x_wconf 80' lang='lat' dir='ltr'><strong>se</strong></span> <span class='ocrx_word' id='word_1_87' title='bbox 1288 1151 1344 1207; x_wconf 88' lang='lat' dir='ltr'><strong>in</strong></span> <span class='ocrx_word' id='word_1_88' title='bbox 1373 1150 1490 1209; x_wconf 87' lang='lat' dir='ltr'><strong>fine</strong></span> <span class='ocrx_word' id='word_1_89' title='bbox 1518 1149 1726 1228; x_wconf 84' lang='lat' dir='ltr'><strong>prioris</strong></span> <span class='ocrx_word' id='word_1_90' title='bbox 1753 1150 2048 1208; x_wconf 80' lang='lat' dir='ltr'><strong>absorberi</strong></span> <span class='ocrx_word' id='word_1_91' title='bbox 2077 1170 2319 1209; x_wconf 86' lang='lat' dir='ltr'><strong>necesse</strong></span> <span class='ocrx_word' id='word_1_92' title='bbox 2347 1164 2434 1209; x_wconf 85' lang='lat' dir='ltr'><strong>est</strong></span> <span class='ocrx_word' id='word_1_93' title='bbox 2463 1152 2630 1210; x_wconf 90' lang='lat' dir='ltr'><strong>initio</strong></span> <span class='ocrx_word' id='word_1_94' title='bbox 2655 1172 2750 1211; x_wconf 86' lang='lat' dir='ltr'><strong>se·</strong></span> 
     </span>
     <span class='ocr_line' id='line_1_13' title="bbox 285 1228 2746 1311; baseline 0.001 -25"><span class='ocrx_word' id='word_1_95' title='bbox 285 1228 519 1306; x_wconf 85' lang='lat' dir='ltr'><strong>quentis</strong></span> <span class='ocrx_word' id='word_1_96' title='bbox 540 1254 557 1298; x_wconf 87' lang='lat'><strong>;</strong></span> <span class='ocrx_word' id='word_1_97' title='bbox 582 1231 740 1309; x_wconf 90' lang='lat' dir='ltr'><strong>quod</strong></span> <span class='ocrx_word' id='word_1_98' title='bbox 762 1241 821 1289; x_wconf 87' lang='lat' dir='ltr'><strong>et</strong></span> <span class='ocrx_word' id='word_1_99' title='bbox 842 1232 981 1288; x_wconf 65' lang='lat' dir='ltr'><strong>alias</strong></span> <span class='ocrx_word' id='word_1_100' title='bbox 1004 1230 1067 1288; x_wconf 80' lang='lat' dir='ltr'><strong>fit</strong></span> <span class='ocrx_word' id='word_1_101' title='bbox 1084 1230 1241 1307; x_wconf 86' lang='lat' dir='ltr'><strong>apud</strong></span> <span class='ocrx_word' id='word_1_102' title='bbox 1264 1230 1538 1287; x_wconf 88' lang='lat' dir='ltr'><strong>eundem.</strong></span> <span class='ocrx_word' id='word_1_103' title='bbox 1624 1230 1774 1287; x_wconf 88' lang='lat' dir='ltr'><strong>Sunt</strong></span> <span class='ocrx_word' id='word_1_104' title='bbox 1795 1241 1988 1286; x_wconf 86' lang='lat' dir='ltr'><strong>autem</strong></span> <span class='ocrx_word' id='word_1_105' title='bbox 2013 1248 2212 1287; x_wconf 84' lang='lat' dir='ltr'><strong>versus</strong></span> <span class='ocrx_word' id='word_1_106' title='bbox 2231 1230 2536 1299; x_wconf 77' lang='lat' dir='ltr'><strong>trochaici,</strong></span> <span class='ocrx_word' id='word_1_107' title='bbox 2562 1245 2620 1291; x_wconf 91' lang='lat' dir='ltr'><strong>et</strong></span> <span class='ocrx_word' id='word_1_108' title='bbox 2645 1233 2746 1311; x_wconf 88' lang='lat' dir='ltr'><strong>qui</strong></span> 
     </span>
     <span class='ocr_line' id='line_1_14' title="bbox 281 1306 2512 1387; baseline 0.001 -23"><span class='ocrx_word' id='word_1_109' title='bbox 281 1306 440 1365; x_wconf 81' lang='lat' dir='ltr'><strong>valet</strong></span> <span class='ocrx_word' id='word_1_110' title='bbox 468 1308 679 1376; x_wconf 86' lang='lat' dir='ltr'><strong>metiri,</strong></span> <span class='ocrx_word' id='word_1_111' title='bbox 705 1308 791 1367; x_wconf 89' lang='lat' dir='ltr'><strong>sic</strong></span> <span class='ocrx_word' id='word_1_112' title='bbox 819 1308 991 1385; x_wconf 73' lang='lat' dir='ltr'><strong>plane</strong></span> <span class='ocrx_word' id='word_1_113' title='bbox 1022 1310 1235 1367; x_wconf 77' lang='lat' dir='ltr'><strong>hahere</strong></span> <span class='ocrx_word' id='word_1_114' title='bbox 1264 1306 1606 1383; x_wconf 81' lang='lat' dir='ltr'>comperiet.</span> <span class='ocrx_word' id='word_1_115' title='bbox 1689 1307 1848 1368; x_wconf 78' lang='lat' dir='ltr'><strong>Talis</strong></span> <span class='ocrx_word' id='word_1_116' title='bbox 1875 1318 1968 1366; x_wconf 86' lang='lat' dir='ltr'><strong>est</strong></span> <span class='ocrx_word' id='word_1_117' title='bbox 1993 1306 2092 1365; x_wconf 88' lang='lat' dir='ltr'><strong>ille</strong></span> <span class='ocrx_word' id='word_1_118' title='bbox 2121 1326 2198 1367; x_wconf 83' lang='lat' dir='ltr'><strong>ex</strong></span> <span class='ocrx_word' id='word_1_119' title='bbox 2231 1308 2512 1387; x_wconf 62' lang='lat' dir='ltr'><strong>Hecyrae</strong></span> 
     </span>
    </p>

    <p class='ocr_par' dir='ltr' id='par_1_7' title="bbox 364 1386 2446 1724">
     <span class='ocr_line' id='line_1_15' title="bbox 542 1386 1632 1449; baseline 0 -16"><span class='ocrx_word' id='word_1_120' title='bbox 542 1386 779 1449; x_wconf 79' lang='lat' dir='ltr'><strong>Disjunxit</strong></span> <span class='ocrx_word' id='word_1_121' title='bbox 798 1387 925 1435; x_wconf 89' lang='lat' dir='ltr'><strong>illum</strong></span> <span class='ocrx_word' id='word_1_122' title='bbox 946 1388 1003 1435; x_wconf 79' lang='lat' dir='ltr'><strong>ab</strong></span> <span class='ocrx_word' id='word_1_123' title='bbox 1022 1387 1111 1443; x_wconf 72' lang='lat' dir='ltr'><strong>illa‘i,</strong></span> <span class='ocrx_word' id='word_1_124' title='bbox 1132 1396 1371 1449; x_wconf 77' lang='lat' dir='ltr'><strong>postquam</strong></span> <span class='ocrx_word' id='word_1_125' title='bbox 1392 1387 1489 1449; x_wconf 80' lang='lat' dir='ltr'><strong>ipse</strong></span> <span class='ocrx_word' id='word_1_126' title='bbox 1510 1402 1561 1433; x_wconf 83' lang='lat' dir='ltr'><strong>se</strong></span> <span class='ocrx_word' id='word_1_127' title='bbox 1581 1402 1632 1433; x_wconf 80' lang='lat' dir='ltr'><strong>se</strong></span> 
     </span>
     <span class='ocr_line' id='line_1_16' title="bbox 540 1452 1736 1514; baseline -0.001 -14"><span class='ocrx_word' id='word_1_128' title='bbox 540 1452 609 1500; x_wconf 82' lang='lat' dir='ltr'><strong>Et</strong></span> <span class='ocrx_word' id='word_1_129' title='bbox 630 1452 749 1499; x_wconf 78' lang='lat' dir='ltr'><strong>illam</strong></span> <span class='ocrx_word' id='word_1_130' title='bbox 770 1462 816 1499; x_wconf 86' lang='lat' dir='ltr'><strong>et</strong></span> <span class='ocrx_word' id='word_1_131' title='bbox 838 1454 953 1499; x_wconf 83' lang='lat' dir='ltr'><strong>banc</strong></span> <span class='ocrx_word' id='word_1_132' title='bbox 974 1468 1075 1514; x_wconf 77' lang='lat' dir='ltr'><strong>quae</strong></span> <span class='ocrx_word' id='word_1_133' title='bbox 1097 1452 1219 1499; x_wconf 88' lang='lat' dir='ltr'><strong>domi</strong></span> <span class='ocrx_word' id='word_1_134' title='bbox 1240 1460 1347 1507; x_wconf 77' lang='lat' dir='ltr'><strong>erat,</strong></span> <span class='ocrx_word' id='word_1_135' title='bbox 1372 1452 1592 1513; x_wconf 77' lang='lat' dir='ltr'><strong>cognovit</strong></span> <span class='ocrx_word' id='word_1_136' title='bbox 1613 1452 1736 1499; x_wconf 79' lang='lat' dir='ltr'><strong>satis.</strong></span> 
     </span>
     <span class='ocr_line' id='line_1_17' title="bbox 364 1513 2446 1593; baseline 0.001 -20"><span class='ocrx_word' id='word_1_137' title='bbox 364 1514 418 1573; x_wconf 88' lang='lat' dir='ltr'>T</span> <span class='ocrx_word' id='word_1_138' title='bbox 419 1513 539 1573; x_wconf 83' lang='lat' dir='ltr'><strong>ales</strong></span> <span class='ocrx_word' id='word_1_139' title='bbox 558 1528 755 1576; x_wconf 85' lang='lat' dir='ltr'><strong>autem</strong></span> <span class='ocrx_word' id='word_1_140' title='bbox 784 1516 941 1592; x_wconf 85' lang='lat' dir='ltr'><strong>apud</strong></span> <span class='ocrx_word' id='word_1_141' title='bbox 976 1516 1244 1573; x_wconf 87' lang='lat' dir='ltr'><strong>Plautum</strong></span> <span class='ocrx_word' id='word_1_142' title='bbox 1274 1535 1428 1593; x_wconf 75' lang='lat' dir='ltr'><strong>saepe</strong></span> <span class='ocrx_word' id='word_1_143' title='bbox 1456 1526 1795 1585; x_wconf 88' lang='lat' dir='ltr'><strong>occurrunt,</strong></span> <span class='ocrx_word' id='word_1_144' title='bbox 1827 1514 1983 1574; x_wconf 86' lang='lat' dir='ltr'><strong>velut</strong></span> <span class='ocrx_word' id='word_1_145' title='bbox 2009 1514 2066 1573; x_wconf 92' lang='lat' dir='ltr'><strong>in</strong></span> <span class='ocrx_word' id='word_1_146' title='bbox 2099 1514 2446 1577; x_wconf 72' lang='lat' dir='ltr'><strong>Aululariiiz</strong></span> 
     </span>
     <span class='ocr_line' id='line_1_18' title="bbox 541 1592 1617 1657; baseline -0.002 -14"><span class='ocrx_word' id='word_1_147' title='bbox 541 1592 741 1643; x_wconf 76' lang='lat' dir='ltr'><strong>Censen·</strong></span> <span class='ocrx_word' id='word_1_148' title='bbox 763 1596 979 1641; x_wconf 78' lang='lat' dir='ltr'><strong>talentum</strong></span> <span class='ocrx_word' id='word_1_149' title='bbox 1002 1610 1217 1657; x_wconf 79' lang='lat' dir='ltr'><strong>magnum</strong></span> <span class='ocrx_word' id='word_1_150' title='bbox 1241 1594 1415 1641; x_wconf 84' lang='lat' dir='ltr'><strong>exorari</strong></span> <span class='ocrx_word' id='word_1_151' title='bbox 1438 1602 1617 1657; x_wconf 82' lang='lat' dir='ltr'><strong>potesse</strong></span> 
     </span>
     <span class='ocr_line' id='line_1_19' title="bbox 540 1660 999 1724; baseline 0.004 -19"><span class='ocrx_word' id='word_1_152' title='bbox 540 1660 617 1706; x_wconf 83' lang='lat' dir='ltr'><strong>Ab</strong></span> <span class='ocrx_word' id='word_1_153' title='bbox 634 1660 751 1705; x_wconf 86' lang='lat' dir='ltr'><strong>istoc</strong></span> <span class='ocrx_word' id='word_1_154' title='bbox 771 1674 892 1713; x_wconf 84' lang='lat' dir='ltr'><strong>sene,</strong></span> <span class='ocrx_word' id='word_1_155' title='bbox 914 1662 999 1724; x_wconf 64' lang='grc' dir='ltr'><strong>ᾃτ.</strong></span> 
     </span>
    </p>
   </div>
   <div class='ocr_carea' id='block_1_3' title="bbox 358 1719 2858 1811">
    <p class='ocr_par' dir='ltr' id='par_1_8' title="bbox 358 1719 2858 1811">
     <span class='ocr_line' id='line_1_20' title="bbox 358 1719 2858 1811; baseline 0 -31"><span class='ocrx_word' id='word_1_156' title='bbox 358 1720 517 1789; x_wconf 83' lang='lat' dir='ltr'><strong>Quid</strong></span> <span class='ocrx_word' id='word_1_157' title='bbox 547 1734 741 1781; x_wconf 88' lang='lat' dir='ltr'><strong>autem</strong></span> <span class='ocrx_word' id='word_1_158' title='bbox 770 1724 999 1791; x_wconf 87' lang='lat' dir='ltr'><strong>mirum,</strong></span> <span class='ocrx_word' id='word_1_159' title='bbox 1018 1724 1063 1780; x_wconf 87' lang='lat' dir='ltr'><strong>si</strong></span> <span class='ocrx_word' id='word_1_160' title='bbox 1086 1722 1142 1781; x_wconf 91' lang='lat' dir='ltr'><strong>in</strong></span> <span class='ocrx_word' id='word_1_161' title='bbox 1169 1722 1501 1795; x_wconf 75' lang='lat' dir='ltr'><strong>trochaicis,</strong></span> <span class='ocrx_word' id='word_1_162' title='bbox 1524 1720 1902 1801; x_wconf 88' lang='lat' dir='ltr'><strong>iambicisque</strong></span> <span class='ocrx_word' id='word_1_163' title='bbox 1925 1720 2180 1799; x_wconf 77' lang='lat' dir='ltr'><strong>reperias</strong></span> <span class='ocrx_word' id='word_1_164' title='bbox 2203 1719 2574 1801; x_wconf 73' lang='grc' dir='ltr'><strong>ὅπερμέτρους,</strong></span> <span class='ocrx_word' id='word_1_165' title='bbox 2600 1724 2739 1783; x_wconf 71' lang='lat' dir='ltr'><strong>cum</strong></span> <span class='ocrx_word' id='word_1_166' title='bbox 2832 1789 2858 1811; x_wconf 86' lang='lat'><strong>·.</strong></span> 
     </span>
    </p>
   </div>
   <div class='ocr_carea' id='block_1_4' title="bbox 268 1799 2744 3305">
    <p class='ocr_par' dir='ltr' id='par_1_9' title="bbox 276 1799 2743 2271">
     <span class='ocr_line' id='line_1_21' title="bbox 282 1799 2742 1880; baseline 0 -21"><span class='ocrx_word' id='word_1_167' title='bbox 282 1799 341 1859; x_wconf 89' lang='lat' dir='ltr'><strong>in</strong></span> <span class='ocrx_word' id='word_1_168' title='bbox 364 1802 671 1880; x_wconf 87' lang='lat' dir='ltr'><strong>Sapphicis</strong></span> <span class='ocrx_word' id='word_1_169' title='bbox 692 1800 865 1859; x_wconf 86' lang='lat' dir='ltr'><strong>etiam</strong></span> <span class='ocrx_word' id='word_1_170' title='bbox 889 1802 1146 1860; x_wconf 80' lang='lat' dir='ltr'><strong>invenias</strong></span> <span class='ocrx_word' id='word_1_171' title='bbox 1164 1802 1318 1879; x_wconf 85' lang='lat' dir='ltr'><strong>apud</strong></span> <span class='ocrx_word' id='word_1_172' title='bbox 1348 1800 1700 1859; x_wconf 82' lang='lat' dir='ltr'><strong>Horatium?</strong></span> <span class='ocrx_word' id='word_1_173' title='bbox 1735 1802 2002 1861; x_wconf 86' lang='lat' dir='ltr'><strong>Utuntur</strong></span> <span class='ocrx_word' id='word_1_174' title='bbox 2023 1801 2234 1859; x_wconf 88' lang='lat' dir='ltr'><strong>comici</strong></span> <span class='ocrx_word' id='word_1_175' title='bbox 2253 1813 2312 1861; x_wconf 90' lang='lat' dir='ltr'><strong>et</strong></span> <span class='ocrx_word' id='word_1_176' title='bbox 2335 1802 2556 1861; x_wconf 81' lang='lat' dir='ltr'><strong>diaeresi</strong></span> <span class='ocrx_word' id='word_1_177' title='bbox 2573 1802 2742 1860; x_wconf 87' lang='lat' dir='ltr'><strong>iden-</strong></span> 
     </span>
     <span class='ocr_line' id='line_1_22' title="bbox 282 1880 2740 1959; baseline 0 -22"><span class='ocrx_word' id='word_1_178' title='bbox 282 1880 504 1949; x_wconf 79' lang='lat' dir='ltr'><strong>tidem3</strong></span> <span class='ocrx_word' id='word_1_179' title='bbox 544 1880 839 1959; x_wconf 85' lang='lat' dir='ltr'><strong>quomodo</strong></span> <span class='ocrx_word' id='word_1_180' title='bbox 866 1880 925 1938; x_wconf 91' lang='lat' dir='ltr'><strong>in</strong></span> <span class='ocrx_word' id='word_1_181' title='bbox 960 1880 1247 1959; x_wconf 82' lang='lat' dir='ltr'><strong>Adelphis</strong></span> <span class='ocrx_word' id='word_1_182' title='bbox 1274 1881 1386 1939; x_wconf 81' lang='lat' dir='ltr'><strong>iam</strong></span> <span class='ocrx_word' id='word_1_183' title='bbox 1416 1880 1593 1938; x_wconf 87' lang='lat' dir='ltr'><strong>semel</strong></span> <span class='ocrx_word' id='word_1_184' title='bbox 1625 1890 1803 1958; x_wconf 87' lang='lat' dir='ltr'><strong>atque</strong></span> <span class='ocrx_word' id='word_1_185' title='bbox 1845 1880 2056 1937; x_wconf 87' lang='lat' dir='ltr'><strong>iterum</strong></span> <span class='ocrx_word' id='word_1_186' title='bbox 2087 1880 2463 1957; x_wconf 86' lang='lat' dir='ltr'><strong>dissyllabum</strong></span> <span class='ocrx_word' id='word_1_187' title='bbox 2503 1880 2740 1955; x_wconf 77' lang='lat' dir='ltr'><strong>legitur,</strong></span> 
     </span>
     <span class='ocr_line' id='line_1_23' title="bbox 280 1956 2739 2038; baseline 0 -23"><span class='ocrx_word' id='word_1_188' title='bbox 280 1970 348 2017; x_wconf 91' lang='lat' dir='ltr'><strong>ut</strong></span> <span class='ocrx_word' id='word_1_189' title='bbox 368 1970 427 2017; x_wconf 91' lang='lat' dir='ltr'><strong>et</strong></span> <span class='ocrx_word' id='word_1_190' title='bbox 446 1961 602 2034; x_wconf 84' lang='lat' dir='ltr'><strong>apud</strong></span> <span class='ocrx_word' id='word_1_191' title='bbox 630 1958 899 2018; x_wconf 83' lang='lat' dir='ltr'><strong>Plautum</strong></span> <span class='ocrx_word' id='word_1_192' title='bbox 922 1978 1359 2038; x_wconf 80' lang='lat' dir='ltr'><strong>nonnunquam.</strong></span> <span class='ocrx_word' id='word_1_193' title='bbox 1417 1960 1510 2017; x_wconf 84' lang='lat' dir='ltr'><strong>lta</strong></span> <span class='ocrx_word' id='word_1_194' title='bbox 1530 1958 1684 2037; x_wconf 83' lang='lat' dir='ltr'><strong>apud</strong></span> <span class='ocrx_word' id='word_1_195' title='bbox 1712 1958 2010 2019; x_wconf 82' lang='lat' dir='ltr'><strong>Catullum</strong></span> <span class='ocrx_word' id='word_1_196' title='bbox 2031 1956 2218 2027; x_wconf 78' lang='lat' dir='ltr'><strong>soluit,</strong></span> <span class='ocrx_word' id='word_1_197' title='bbox 2243 1960 2399 2037; x_wconf 84' lang='lat' dir='ltr'><strong>apud</strong></span> <span class='ocrx_word' id='word_1_198' title='bbox 2431 1958 2739 2017; x_wconf 80' lang='lat' dir='ltr'><strong>Horatium</strong></span> 
     </span>
     <span class='ocr_line' id='line_1_24' title="bbox 276 2034 2741 2116; baseline 0 -21"><span class='ocrx_word' id='word_1_199' title='bbox 276 2036 465 2109; x_wconf 72' lang='lat' dir='ltr'><strong>siluae,</strong></span> <span class='ocrx_word' id='word_1_200' title='bbox 494 2037 650 2116; x_wconf 86' lang='lat' dir='ltr'><strong>apud</strong></span> <span class='ocrx_word' id='word_1_201' title='bbox 684 2037 933 2097; x_wconf 77' lang='lat' dir='ltr'><strong>Statium</strong></span> <span class='ocrx_word' id='word_1_202' title='bbox 974 2038 1172 2098; x_wconf 74' lang='lat' dir='ltr'><strong>suiisit.</strong></span> <span class='ocrx_word' id='word_1_203' title='bbox 1278 2037 1353 2095; x_wconf 86' lang='lat' dir='ltr'><strong>Et</strong></span> <span class='ocrx_word' id='word_1_204' title='bbox 1398 2037 1690 2096; x_wconf 87' lang='lat' dir='ltr'><strong>contraria</strong></span> <span class='ocrx_word' id='word_1_205' title='bbox 1731 2036 1868 2095; x_wconf 89' lang='lat' dir='ltr'><strong>huic</strong></span> <span class='ocrx_word' id='word_1_206' title='bbox 1909 2034 2098 2114; x_wconf 82' lang='lat' dir='ltr'><strong>figura</strong></span> <span class='ocrx_word' id='word_1_207' title='bbox 2135 2038 2459 2115; x_wconf 65' lang='lat' dir='ltr'><strong>syneresis,</strong></span> <span class='ocrx_word' id='word_1_208' title='bbox 2511 2056 2642 2115; x_wconf 84' lang='lat' dir='ltr'><strong>quoe</strong></span> <span class='ocrx_word' id='word_1_209' title='bbox 2679 2049 2741 2096; x_wconf 89' lang='lat' dir='ltr'><strong>et</strong></span> 
     </span>
     <span class='ocr_line' id='line_1_25' title="bbox 278 2114 2743 2193; baseline 0.002 -22"><span class='ocrx_word' id='word_1_210' title='bbox 278 2115 669 2191; x_wconf 73' lang='grc' dir='ltr'><strong>ἐπισυναλοιφή</strong></span> <span class='ocrx_word' id='word_1_211' title='bbox 712 2116 947 2185; x_wconf 89' lang='lat' dir='ltr'><strong>dicitur,</strong></span> <span class='ocrx_word' id='word_1_212' title='bbox 978 2118 1094 2193; x_wconf 68' lang='lat' dir='ltr'><strong>quii</strong></span> <span class='ocrx_word' id='word_1_213' title='bbox 1136 2116 1280 2173; x_wconf 88' lang='lat' dir='ltr'><strong>duas</strong></span> <span class='ocrx_word' id='word_1_214' title='bbox 1322 2115 1379 2173; x_wconf 87' lang='lat' dir='ltr'><strong>in</strong></span> <span class='ocrx_word' id='word_1_215' title='bbox 1423 2134 1594 2174; x_wconf 89' lang='lat' dir='ltr'><strong>unam</strong></span> <span class='ocrx_word' id='word_1_216' title='bbox 1637 2114 1918 2191; x_wconf 76' lang='lat' dir='ltr'>syllabam</span> <span class='ocrx_word' id='word_1_217' title='bbox 1963 2116 2335 2187; x_wconf 86' lang='lat' dir='ltr'><strong>contrahunt,</strong></span> <span class='ocrx_word' id='word_1_218' title='bbox 2379 2128 2445 2174; x_wconf 90' lang='lat' dir='ltr'><strong>ut</strong></span> <span class='ocrx_word' id='word_1_219' title='bbox 2486 2114 2743 2177; x_wconf 54' lang='lat' dir='ltr'><strong>servibas</strong></span> 
     </span>
     <span class='ocr_line' id='line_1_26' title="bbox 276 2193 2178 2271; baseline -0.001 -20"><span class='ocrx_word' id='word_1_220' title='bbox 276 2212 389 2271; x_wconf 86' lang='lat' dir='ltr'><strong>pro</strong></span> <span class='ocrx_word' id='word_1_221' title='bbox 414 2194 693 2254; x_wconf 75' lang='lat' dir='ltr'><strong>serviebas</strong></span> <span class='ocrx_word' id='word_1_222' title='bbox 713 2217 735 2252; x_wconf 92' lang='lat'><strong>.·</strong></span> <span class='ocrx_word' id='word_1_223' title='bbox 778 2193 959 2255; x_wconf 56' lang='lat' dir='ltr'><strong>scibas</strong></span> <span class='ocrx_word' id='word_1_224' title='bbox 988 2214 1093 2271; x_wconf 87' lang='lat' dir='ltr'><strong>pro</strong></span> <span class='ocrx_word' id='word_1_225' title='bbox 1120 2194 1350 2252; x_wconf 75' lang='lat' dir='ltr'><strong>sciebas.</strong></span> <span class='ocrx_word' id='word_1_226' title='bbox 1432 2194 1621 2253; x_wconf 91' lang='lat' dir='ltr'><strong>Sicuti</strong></span> <span class='ocrx_word' id='word_1_227' title='bbox 1650 2193 1809 2271; x_wconf 84' lang='lat' dir='ltr'><strong>apud</strong></span> <span class='ocrx_word' id='word_1_228' title='bbox 1839 2194 2178 2271; x_wconf 83' lang='lat' dir='ltr'><strong>Virgilium:</strong></span> 
     </span>
    </p>

    <p class='ocr_par' dir='ltr' id='par_1_10' title="bbox 536 2271 1325 2335">
     <span class='ocr_line' id='line_1_27' title="bbox 536 2271 1325 2335; baseline -0.004 -16"><span class='ocrx_word' id='word_1_229' title='bbox 536 2271 778 2335; x_wconf 85' lang='lat' dir='ltr'><strong>Ferreique</strong></span> <span class='ocrx_word' id='word_1_230' title='bbox 799 2272 1105 2321; x_wconf 78' lang='lat' dir='ltr'><strong>Eumenidum</strong></span> <span class='ocrx_word' id='word_1_231' title='bbox 1128 2272 1325 2319; x_wconf 82' lang='lat' dir='ltr'><strong>thalami.</strong></span> 
     </span>
    </p>

    <p class='ocr_par' dir='ltr' id='par_1_11' title="bbox 268 2334 2744 2727">
     <span class='ocr_line' id='line_1_28' title="bbox 358 2334 2744 2415; baseline 0 -20"><span class='ocrx_word' id='word_1_232' title='bbox 358 2336 439 2395; x_wconf 91' lang='lat' dir='ltr'><strong>Et</strong></span> <span class='ocrx_word' id='word_1_233' title='bbox 462 2356 617 2415; x_wconf 83' lang='lat' dir='ltr'><strong>saepe</strong></span> <span class='ocrx_word' id='word_1_234' title='bbox 644 2336 804 2395; x_wconf 65' lang='lat' dir='ltr'><strong>alias.</strong></span> <span class='ocrx_word' id='word_1_235' title='bbox 884 2338 1182 2413; x_wconf 83' lang='lat' dir='ltr'><strong>Frequens</strong></span> <span class='ocrx_word' id='word_1_236' title='bbox 1210 2348 1299 2394; x_wconf 89' lang='lat' dir='ltr'><strong>est</strong></span> <span class='ocrx_word' id='word_1_237' title='bbox 1318 2336 1493 2394; x_wconf 87' lang='lat' dir='ltr'><strong>etiam</strong></span> <span class='ocrx_word' id='word_1_238' title='bbox 1523 2336 1682 2413; x_wconf 85' lang='lat' dir='ltr'><strong>apud</strong></span> <span class='ocrx_word' id='word_1_239' title='bbox 1705 2336 2046 2395; x_wconf 87' lang='lat' dir='ltr'><strong>Terentium</strong></span> <span class='ocrx_word' id='word_1_240' title='bbox 2071 2336 2127 2394; x_wconf 89' lang='lat' dir='ltr'><strong>in</strong></span> <span class='ocrx_word' id='word_1_241' title='bbox 2145 2354 2411 2393; x_wconf 75' lang='lat' dir='ltr'><strong>versuum</strong></span> <span class='ocrx_word' id='word_1_242' title='bbox 2435 2334 2744 2395; x_wconf 86' lang='lat' dir='ltr'><strong>mensione</strong></span> 
     </span>
     <span class='ocr_line' id='line_1_29' title="bbox 268 2412 2739 2494; baseline -0 -21"><span class='ocrx_word' id='word_1_243' title='bbox 268 2414 601 2492; x_wconf 34' lang='lat' dir='ltr'><strong>‚wvaaoapss</strong></span> <span class='ocrx_word' id='word_1_244' title='bbox 630 2435 763 2494; x_wconf 80' lang='lat' dir='ltr'><strong>quae</strong></span> <span class='ocrx_word' id='word_1_245' title='bbox 788 2414 853 2474; x_wconf 83' lang='lat' dir='ltr'><strong>fit</strong></span> <span class='ocrx_word' id='word_1_246' title='bbox 882 2415 1019 2473; x_wconf 72' lang='lat' dir='ltr'><strong>cum</strong></span> <span class='ocrx_word' id='word_1_247' title='bbox 1050 2416 1105 2473; x_wconf 91' lang='lat' dir='ltr'><strong>in</strong></span> <span class='ocrx_word' id='word_1_248' title='bbox 1139 2414 1379 2473; x_wconf 87' lang='lat' dir='ltr'><strong>diversis</strong></span> <span class='ocrx_word' id='word_1_249' title='bbox 1408 2414 1785 2483; x_wconf 85' lang='lat' dir='ltr'><strong>dictionibus,</strong></span> <span class='ocrx_word' id='word_1_250' title='bbox 1812 2416 2099 2474; x_wconf 77' lang='lat' dir='ltr'><strong>vocalium</strong></span> <span class='ocrx_word' id='word_1_251' title='bbox 2133 2414 2281 2473; x_wconf 91' lang='lat' dir='ltr'><strong>inter</strong></span> <span class='ocrx_word' id='word_1_252' title='bbox 2303 2434 2365 2471; x_wconf 88' lang='lat' dir='ltr'><strong>se</strong></span> <span class='ocrx_word' id='word_1_253' title='bbox 2396 2412 2739 2472; x_wconf 70' lang='lat' dir='ltr'><strong>coeuntium</strong></span> 
     </span>
     <span class='ocr_line' id='line_1_30' title="bbox 274 2490 2740 2571; baseline -0 -19"><span class='ocrx_word' id='word_1_254' title='bbox 274 2494 459 2555; x_wconf 85' lang='lat' dir='ltr'><strong>altera</strong></span> <span class='ocrx_word' id='word_1_255' title='bbox 485 2495 643 2553; x_wconf 87' lang='lat' dir='ltr'><strong>velut</strong></span> <span class='ocrx_word' id='word_1_256' title='bbox 674 2494 1037 2561; x_wconf 82' lang='lat' dir='ltr'><strong>obliteratur,</strong></span> <span class='ocrx_word' id='word_1_257' title='bbox 1068 2506 1127 2551; x_wconf 87' lang='lat' dir='ltr'><strong>et</strong></span> <span class='ocrx_word' id='word_1_258' title='bbox 1154 2490 1420 2562; x_wconf 59' lang='grc' dir='ltr'><strong><em>ἔιθλιψις.</em></strong></span> <span class='ocrx_word' id='word_1_259' title='bbox 1450 2493 1684 2571; x_wconf 88' lang='lat' dir='ltr'><strong>quoties</strong></span> <span class='ocrx_word' id='word_1_260' title='bbox 1705 2514 1758 2551; x_wconf 89' lang='lat' dir='ltr'><strong>m</strong></span> <span class='ocrx_word' id='word_1_261' title='bbox 1781 2514 1914 2552; x_wconf 88' lang='lat' dir='ltr'><strong>cum</strong></span> <span class='ocrx_word' id='word_1_262' title='bbox 1939 2494 2122 2553; x_wconf 86' lang='lat' dir='ltr'><strong>vocali</strong></span> <span class='ocrx_word' id='word_1_263' title='bbox 2147 2494 2514 2571; x_wconf 70' lang='lat' dir='ltr'><strong>praecedente</strong></span> <span class='ocrx_word' id='word_1_264' title='bbox 2531 2492 2740 2551; x_wconf 78' lang='lat' dir='ltr'><strong>exclu-</strong></span> 
     </span>
     <span class='ocr_line' id='line_1_31' title="bbox 274 2571 2740 2651; baseline -0 -20"><span class='ocrx_word' id='word_1_265' title='bbox 274 2571 451 2633; x_wconf 83' lang='lat' dir='ltr'><strong>ditur.</strong></span> <span class='ocrx_word' id='word_1_266' title='bbox 549 2576 897 2651; x_wconf 81' lang='lat' dir='ltr'><strong>Quanquam</strong></span> <span class='ocrx_word' id='word_1_267' title='bbox 946 2592 1062 2630; x_wconf 86' lang='lat' dir='ltr'><strong>non</strong></span> <span class='ocrx_word' id='word_1_268' title='bbox 1104 2592 1335 2649; x_wconf 85' lang='lat' dir='ltr'><strong>semper</strong></span> <span class='ocrx_word' id='word_1_269' title='bbox 1376 2572 1527 2629; x_wconf 88' lang='lat' dir='ltr'><strong>idem</strong></span> <span class='ocrx_word' id='word_1_270' title='bbox 1573 2572 1706 2629; x_wconf 84' lang='lat' dir='ltr'><strong>elidi</strong></span> <span class='ocrx_word' id='word_1_271' title='bbox 1748 2572 1982 2629; x_wconf 84' lang='lat' dir='ltr'><strong>solitum</strong></span> <span class='ocrx_word' id='word_1_272' title='bbox 2023 2573 2178 2649; x_wconf 86' lang='lat' dir='ltr'><strong>apud</strong></span> <span class='ocrx_word' id='word_1_273' title='bbox 2223 2584 2450 2629; x_wconf 80' lang='lat' dir='ltr'><strong>veteres</strong></span> <span class='ocrx_word' id='word_1_274' title='bbox 2491 2582 2740 2631; x_wconf 84' lang='lat' dir='ltr'><strong>testatur</strong></span> 
     </span>
     <span class='ocr_line' id='line_1_32' title="bbox 274 2650 2594 2727; baseline -0.001 -18"><span class='ocrx_word' id='word_1_275' title='bbox 274 2650 555 2712; x_wconf 81' lang='lat' dir='ltr'><strong>Priscian.</strong></span> <span class='ocrx_word' id='word_1_276' title='bbox 584 2652 682 2711; x_wconf 89' lang='lat' dir='ltr'><strong>lib.</strong></span> <span class='ocrx_word' id='word_1_277' title='bbox 719 2654 761 2709; x_wconf 93' lang='lat' dir='ltr'><strong>l.</strong></span> <span class='ocrx_word' id='word_1_278' title='bbox 794 2652 949 2709; x_wconf 87' lang='lat' dir='ltr'><strong>velut</strong></span> <span class='ocrx_word' id='word_1_279' title='bbox 978 2652 1132 2727; x_wconf 83' lang='lat' dir='ltr'><strong>apud</strong></span> <span class='ocrx_word' id='word_1_280' title='bbox 1165 2650 1505 2709; x_wconf 85' lang='lat' dir='ltr'><strong>Terentium</strong></span> <span class='ocrx_word' id='word_1_281' title='bbox 1536 2650 1592 2707; x_wconf 89' lang='lat' dir='ltr'><strong>in</strong></span> <span class='ocrx_word' id='word_1_282' title='bbox 1627 2650 1939 2723; x_wconf 86' lang='lat' dir='ltr'><strong>Eunucho,</strong></span> <span class='ocrx_word' id='word_1_283' title='bbox 1972 2653 2113 2710; x_wconf 91' lang='lat' dir='ltr'><strong>Act.</strong></span> <span class='ocrx_word' id='word_1_284' title='bbox 2143 2651 2258 2709; x_wconf 88' lang='lat'><strong>111.</strong></span> <span class='ocrx_word' id='word_1_285' title='bbox 2287 2670 2449 2709; x_wconf 89' lang='lat' dir='ltr'><strong>scen.</strong></span> <span class='ocrx_word' id='word_1_286' title='bbox 2480 2652 2594 2710; x_wconf 83' lang='lat'><strong>111.</strong></span> 
     </span>
    </p>

    <p class='ocr_par' dir='ltr' id='par_1_12' title="bbox 272 2726 2735 3305">
     <span class='ocr_line' id='line_1_33' title="bbox 536 2726 1533 2793; baseline -0.001 -15"><span class='ocrx_word' id='word_1_287' title='bbox 536 2728 646 2779; x_wconf 63' lang='lat' dir='ltr'><strong>Una</strong></span> <span class='ocrx_word' id='word_1_288' title='bbox 663 2731 731 2793; x_wconf 76' lang='lat' dir='ltr'><strong>ire</strong></span> <span class='ocrx_word' id='word_1_289' title='bbox 752 2746 855 2777; x_wconf 88' lang='lat' dir='ltr'><strong>cum</strong></span> <span class='ocrx_word' id='word_1_290' title='bbox 878 2728 1019 2777; x_wconf 62' lang='lat' dir='ltr'><strong>amica</strong></span> <span class='ocrx_word' id='word_1_291' title='bbox 1042 2730 1353 2793; x_wconf 80' lang='lat' dir='ltr'><strong>imperatorem</strong></span> <span class='ocrx_word' id='word_1_292' title='bbox 1379 2730 1424 2777; x_wconf 88' lang='lat' dir='ltr'><strong>in</strong></span> <span class='ocrx_word' id='word_1_293' title='bbox 1446 2726 1533 2778; x_wconf 62' lang='lat' dir='ltr'><strong>via.</strong></span> 
     </span>
     <span class='ocr_line' id='line_1_34' title="bbox 356 2791 2735 2873; baseline 0 -21"><span class='ocrx_word' id='word_1_294' title='bbox 356 2794 469 2853; x_wconf 85' lang='lat' dir='ltr'><strong>Est</strong></span> <span class='ocrx_word' id='word_1_295' title='bbox 489 2795 641 2853; x_wconf 87' lang='lat' dir='ltr'><strong>enim</strong></span> <span class='ocrx_word' id='word_1_296' title='bbox 668 2794 933 2855; x_wconf 83' lang='lat' dir='ltr'><strong>secundo</strong></span> <span class='ocrx_word' id='word_1_297' title='bbox 961 2794 1093 2852; x_wconf 91' lang='lat' dir='ltr'><strong>loco</strong></span> <span class='ocrx_word' id='word_1_298' title='bbox 1121 2794 1467 2873; x_wconf 78' lang='lat' dir='ltr'><strong>tribrachys.</strong></span> <span class='ocrx_word' id='word_1_299' title='bbox 1548 2793 1728 2861; x_wconf 73' lang='lat' dir='ltr'><strong>Quod</strong></span> <span class='ocrx_word' id='word_1_300' title='bbox 1755 2791 1803 2852; x_wconf 91' lang='lat' dir='ltr'><strong>si</strong></span> <span class='ocrx_word' id='word_1_301' title='bbox 1831 2814 1884 2853; x_wconf 84' lang='lat' dir='ltr'><strong>m</strong></span> <span class='ocrx_word' id='word_1_302' title='bbox 1913 2794 2184 2866; x_wconf 84' lang='lat' dir='ltr'><strong>elidatur,</strong></span> <span class='ocrx_word' id='word_1_303' title='bbox 2215 2793 2326 2852; x_wconf 89' lang='lat' dir='ltr'><strong>erit</strong></span> <span class='ocrx_word' id='word_1_304' title='bbox 2355 2792 2568 2853; x_wconf 84' lang='lat' dir='ltr'><strong>ibidem</strong></span> <span class='ocrx_word' id='word_1_305' title='bbox 2597 2814 2735 2872; x_wconf 76' lang='lat' dir='ltr'><strong>pyr-</strong></span> 
     </span>
     <span class='ocr_line' id='line_1_35' title="bbox 272 2872 1863 2941; baseline -0.001 -10"><span class='ocrx_word' id='word_1_306' title='bbox 272 2872 553 2941; x_wconf 82' lang='lat' dir='ltr'><strong>rhichius,</strong></span> <span class='ocrx_word' id='word_1_307' title='bbox 586 2872 682 2931; x_wconf 89' lang='lat' dir='ltr'><strong>cui</strong></span> <span class='ocrx_word' id='word_1_308' title='bbox 709 2873 902 2932; x_wconf 84' lang='lat' dir='ltr'><strong>nullus</strong></span> <span class='ocrx_word' id='word_1_309' title='bbox 930 2872 985 2930; x_wconf 90' lang='lat' dir='ltr'><strong>in</strong></span> <span class='ocrx_word' id='word_1_310' title='bbox 1016 2872 1269 2933; x_wconf 84' lang='lat' dir='ltr'><strong>iambico</strong></span> <span class='ocrx_word' id='word_1_311' title='bbox 1296 2874 1479 2934; x_wconf 83' lang='lat' dir='ltr'><strong>locus.</strong></span> <span class='ocrx_word' id='word_1_312' title='bbox 1565 2874 1666 2933; x_wconf 92' lang='lat' dir='ltr'><strong>Sic</strong></span> <span class='ocrx_word' id='word_1_313' title='bbox 1692 2872 1863 2932; x_wconf 88' lang='lat' dir='ltr'><strong>alibi:</strong></span> 
     </span>
     <span class='ocr_line' id='line_1_36' title="bbox 530 2950 1933 3015; baseline 0.001 -15"><span class='ocrx_word' id='word_1_314' title='bbox 530 2950 735 3003; x_wconf 69' lang='lat' dir='ltr'><strong>Primhm</strong></span> <span class='ocrx_word' id='word_1_315' title='bbox 756 2953 902 3007; x_wconf 77' lang='lat' dir='ltr'><strong>istam,</strong></span> <span class='ocrx_word' id='word_1_316' title='bbox 926 2968 1058 3015; x_wconf 80' lang='lat' dir='ltr'><strong>quam</strong></span> <span class='ocrx_word' id='word_1_317' title='bbox 1082 2954 1229 3009; x_wconf 73' lang='lat' dir='ltr'><strong>habes,</strong></span> <span class='ocrx_word' id='word_1_318' title='bbox 1254 2955 1373 3001; x_wconf 87' lang='lat' dir='ltr'><strong>unde</strong></span> <span class='ocrx_word' id='word_1_319' title='bbox 1394 2956 1530 3002; x_wconf 84' lang='lat' dir='ltr'><strong>habes</strong></span> <span class='ocrx_word' id='word_1_320' title='bbox 1552 2960 1724 3001; x_wconf 76' lang='lat' dir='ltr'><strong>vestem</strong></span> <span class='ocrx_word' id='word_1_321' title='bbox 1739 2954 1762 2999; x_wconf 80' lang='lat'><strong>⁰?</strong></span> <span class='ocrx_word' id='word_1_322' title='bbox 1794 2959 1933 3001; x_wconf 82' lang='lat' dir='ltr'><strong>taces.</strong></span> 
     </span>
     <span class='ocr_line' id='line_1_37' title="bbox 352 3017 1381 3097; baseline 0.001 -21"><span class='ocrx_word' id='word_1_323' title='bbox 352 3017 579 3077; x_wconf 87' lang='lat' dir='ltr'><strong>Eodem</strong></span> <span class='ocrx_word' id='word_1_324' title='bbox 608 3018 784 3077; x_wconf 87' lang='lat' dir='ltr'><strong>modo</strong></span> <span class='ocrx_word' id='word_1_325' title='bbox 810 3018 970 3097; x_wconf 87' lang='lat' dir='ltr'><strong>apud</strong></span> <span class='ocrx_word' id='word_1_326' title='bbox 998 3017 1039 3077; x_wconf 93' lang='lat' dir='ltr'><strong>J</strong></span> <span class='ocrx_word' id='word_1_327' title='bbox 1044 3017 1342 3076; x_wconf 86' lang='lat' dir='ltr'><strong>uvenalem</strong></span> <span class='ocrx_word' id='word_1_328' title='bbox 1366 3041 1381 3077; x_wconf 88' lang='lat'>=</span> 
     </span>
     <span class='ocr_line' id='line_1_38' title="bbox 1042 3094 1804 3162; baseline -0.003 -17"><span class='ocrx_word' id='word_1_329' title='bbox 1042 3094 1163 3145; x_wconf 69' lang='lat' dir='ltr'><strong>Chm</strong></span> <span class='ocrx_word' id='word_1_330' title='bbox 1184 3106 1368 3161; x_wconf 78' lang='lat' dir='ltr'><strong>propter</strong></span> <span class='ocrx_word' id='word_1_331' title='bbox 1386 3098 1590 3162; x_wconf 83' lang='lat' dir='ltr'><strong>plurima,</strong></span> <span class='ocrx_word' id='word_1_332' title='bbox 1613 3106 1710 3145; x_wconf 88' lang='lat' dir='ltr'><strong>tum</strong></span> <span class='ocrx_word' id='word_1_333' title='bbox 1734 3096 1804 3145; x_wconf 86' lang='lat' dir='ltr'><strong>his</strong></span> 
     </span>
     <span class='ocr_line' id='line_1_39' title="bbox 528 3157 1263 3224; baseline 0 -15"><span class='ocrx_word' id='word_1_334' title='bbox 528 3157 763 3224; x_wconf 66' lang='lat' dir='ltr'><strong>Proecipue</strong></span> <span class='ocrx_word' id='word_1_335' title='bbox 784 3160 1194 3210; x_wconf 58' lang='lat' dir='ltr'><strong>causia--Su-vn.</strong></span> <span class='ocrx_word' id='word_1_336' title='bbox 1216 3164 1263 3209; x_wconf 89' lang='grc'><strong>9.</strong></span> 
     </span>
     <span class='ocr_line' id='line_1_40' title="bbox 348 3224 1769 3305; baseline -0.001 -20"><span class='ocrx_word' id='word_1_337' title='bbox 348 3226 447 3285; x_wconf 86' lang='lat' dir='ltr'><strong>De</strong></span> <span class='ocrx_word' id='word_1_338' title='bbox 472 3224 675 3305; x_wconf 81' lang='lat' dir='ltr'><strong>figuris</strong></span> <span class='ocrx_word' id='word_1_339' title='bbox 702 3225 931 3284; x_wconf 80' lang='lat' dir='ltr'><strong>caeteris</strong></span> <span class='ocrx_word' id='word_1_340' title='bbox 957 3224 1099 3281; x_wconf 87' lang='lat' dir='ltr'><strong>nihil</strong></span> <span class='ocrx_word' id='word_1_341' title='bbox 1129 3226 1227 3282; x_wconf 84' lang='lat' dir='ltr'><strong>hic</strong></span> <span class='ocrx_word' id='word_1_342' title='bbox 1256 3224 1572 3283; x_wconf 87' lang='lat' dir='ltr'><strong>dicendum</strong></span> <span class='ocrx_word' id='word_1_343' title='bbox 1603 3236 1769 3302; x_wconf 88' lang='lat' dir='ltr'><strong>puto.</strong></span> 
     </span>
    </p>
   </div>
   <div class='ocr_carea' id='block_1_5' title="bbox 810 3406 2182 3589">
    <p class='ocr_par' dir='ltr' id='par_1_13' title="bbox 810 3406 2182 3589">
     <span class='ocr_line' id='line_1_41' title="bbox 810 3406 2182 3487; baseline -0.003 0"><span class='ocrx_word' id='word_1_344' title='bbox 810 3406 1331 3487; x_wconf 88' lang='lat' dir='ltr'><strong>JOANNIS</strong></span> <span class='ocrx_word' id='word_1_345' title='bbox 1397 3406 2182 3483; x_wconf 86' lang='lat' dir='ltr'>THEODORICI</span> 
     </span>
     <span class='ocr_line' id='line_1_42' title="bbox 932 3524 2053 3589; baseline -0.001 -3"><span class='ocrx_word' id='word_1_346' title='bbox 932 3524 1423 3589; x_wconf 83' lang='lat' dir='ltr'><strong>BELLovAcl</strong></span> <span class='ocrx_word' id='word_1_347' title='bbox 1470 3524 2053 3589; x_wconf 75' lang='lat' dir='ltr'><strong>smclLEGluM.</strong></span> 
     </span>
    </p>
   </div>
   <div class='ocr_carea' id='block_1_6' title="bbox 1092 3337 1880 3357">
    <p class='ocr_par' dir='ltr' id='par_1_14' title="bbox 1092 3337 1880 3357">
     <span class='ocr_line' id='line_1_43' title="bbox 1092 3337 1880 3357; baseline 0 0"><span class='ocrx_word' id='word_1_348' title='bbox 1092 3337 1880 3357; x_wconf 95' lang='lat' dir='ltr'><strong> </strong></span> 
     </span>
    </p>
   </div>
   <div class='ocr_carea' id='block_1_7' title="bbox 240 3616 2727 4797">
    <p class='ocr_par' dir='ltr' id='par_1_15' title="bbox 240 3616 2727 4797">
     <span class='ocr_line' id='line_1_44' title="bbox 342 3616 2726 3700; baseline 0 -20"><span class='ocrx_word' id='word_1_349' title='bbox 342 3621 731 3682; x_wconf 66' lang='lat' dir='ltr'><strong>Cosanum</strong></span> <span class='ocrx_word' id='word_1_350' title='bbox 756 3622 985 3700; x_wconf 82' lang='lat' dir='ltr'><strong>plurimi</strong></span> <span class='ocrx_word' id='word_1_351' title='bbox 1006 3622 1221 3682; x_wconf 87' lang='lat' dir='ltr'><strong>dictam</strong></span> <span class='ocrx_word' id='word_1_352' title='bbox 1246 3620 1487 3680; x_wconf 85' lang='lat' dir='ltr'><strong>tradunt</strong></span> <span class='ocrx_word' id='word_1_353' title='bbox 1514 3616 1620 3679; x_wconf 64' lang='grc' dir='ltr'><strong>ἀπὸ</strong></span> <span class='ocrx_word' id='word_1_354' title='bbox 1645 3619 1746 3679; x_wconf 78' lang='grc' dir='ltr'>τοῦ·</span> <span class='ocrx_word' id='word_1_355' title='bbox 1769 3621 1850 3679; x_wconf 78' lang='grc' dir='ltr'><strong>κώ</strong></span> <span class='ocrx_word' id='word_1_356' title='bbox 1899 3644 1976 3693; x_wconf 84' lang='grc' dir='ltr'><strong>ου,</strong></span> <span class='ocrx_word' id='word_1_357' title='bbox 2007 3622 2064 3681; x_wconf 91' lang='lat' dir='ltr'><strong>id</strong></span> <span class='ocrx_word' id='word_1_358' title='bbox 2095 3634 2204 3693; x_wconf 89' lang='lat' dir='ltr'><strong>est,</strong></span> <span class='ocrx_word' id='word_1_359' title='bbox 2227 3621 2263 3679; x_wconf 69' lang='lat' dir='ltr'><strong>a</strong></span> <span class='ocrx_word' id='word_1_360' title='bbox 2281 3621 2726 3693; x_wconf 76' lang='lat' dir='ltr'><strong>comessatione,</strong></span> 
     </span>
     <span class='ocr_line' id='line_1_45' title="bbox 260 3696 2727 3778; baseline 0 -20"><span class='ocrx_word' id='word_1_361' title='bbox 260 3710 321 3759; x_wconf 89' lang='lat' dir='ltr'><strong>et</strong></span> <span class='ocrx_word' id='word_1_362' title='bbox 350 3696 459 3757; x_wconf 72' lang='grc' dir='ltr'><strong>α’πό</strong></span> <span class='ocrx_word' id='word_1_363' title='bbox 486 3700 583 3773; x_wconf 77' lang='grc' dir='ltr'><strong>τῆς</strong></span> <span class='ocrx_word' id='word_1_364' title='bbox 610 3696 762 3778; x_wconf 72' lang='grc' dir='ltr'><strong>ᾆδῆς,</strong></span> <span class='ocrx_word' id='word_1_365' title='bbox 792 3700 852 3761; x_wconf 89' lang='lat' dir='ltr'><strong>id</strong></span> <span class='ocrx_word' id='word_1_366' title='bbox 880 3712 988 3771; x_wconf 84' lang='lat' dir='ltr'><strong>est,</strong></span> <span class='ocrx_word' id='word_1_367' title='bbox 1016 3700 1055 3760; x_wconf 70' lang='grc' dir='ltr'>ὲ</span> <span class='ocrx_word' id='word_1_368' title='bbox 1083 3699 1339 3760; x_wconf 87' lang='lat' dir='ltr'><strong>carmine</strong></span> <span class='ocrx_word' id='word_1_369' title='bbox 1364 3724 1379 3769; x_wconf 88' lang='lat'>;</span> <span class='ocrx_word' id='word_1_370' title='bbox 1408 3713 1473 3759; x_wconf 90' lang='lat' dir='ltr'><strong>ut</strong></span> <span class='ocrx_word' id='word_1_371' title='bbox 1498 3700 1575 3757; x_wconf 88' lang='lat' dir='ltr'><strong>sit</strong></span> <span class='ocrx_word' id='word_1_372' title='bbox 1601 3700 1846 3759; x_wconf 83' lang='lat' dir='ltr'><strong>conviva</strong></span> <span class='ocrx_word' id='word_1_373' title='bbox 1870 3722 1902 3759; x_wconf 89' lang='lat' dir='ltr'><strong>e</strong></span> <span class='ocrx_word' id='word_1_374' title='bbox 1931 3722 2189 3761; x_wconf 87' lang='lat' dir='ltr'><strong>carmen.</strong></span> <span class='ocrx_word' id='word_1_375' title='bbox 2275 3702 2426 3761; x_wconf 87' lang='lat' dir='ltr'><strong>Nam</strong></span> <span class='ocrx_word' id='word_1_376' title='bbox 2449 3700 2507 3759; x_wconf 88' lang='lat' dir='ltr'><strong>in</strong></span> <span class='ocrx_word' id='word_1_377' title='bbox 2526 3701 2727 3760; x_wconf 87' lang='lat' dir='ltr'><strong>convi-</strong></span> 
     </span>
     <span class='ocr_line' id='line_1_46' title="bbox 257 3776 2725 3859; baseline 0.002 -24"><span class='ocrx_word' id='word_1_378' title='bbox 257 3777 365 3835; x_wconf 86' lang='lat' dir='ltr'><strong>viis</strong></span> <span class='ocrx_word' id='word_1_379' title='bbox 390 3776 639 3856; x_wconf 75' lang='lat' dir='ltr'><strong>primum</strong></span> <span class='ocrx_word' id='word_1_380' title='bbox 660 3782 869 3856; x_wconf 86' lang='lat' dir='ltr'><strong>jocoso</strong></span> <span class='ocrx_word' id='word_1_381' title='bbox 896 3780 1148 3859; x_wconf 82' lang='lat' dir='ltr'><strong>quodam</strong></span> <span class='ocrx_word' id='word_1_382' title='bbox 1179 3778 1455 3847; x_wconf 84' lang='lat' dir='ltr'><strong>carmine,</strong></span> <span class='ocrx_word' id='word_1_383' title='bbox 1486 3778 1701 3837; x_wconf 86' lang='lat' dir='ltr'><strong>civium</strong></span> <span class='ocrx_word' id='word_1_384' title='bbox 1733 3779 1870 3838; x_wconf 84' lang='lat' dir='ltr'><strong>vitia</strong></span> <span class='ocrx_word' id='word_1_385' title='bbox 1888 3785 2168 3855; x_wconf 85' lang='lat' dir='ltr'><strong>juventus</strong></span> <span class='ocrx_word' id='word_1_386' title='bbox 2195 3778 2434 3839; x_wconf 74' lang='lat' dir='ltr'><strong>liberius</strong></span> <span class='ocrx_word' id='word_1_387' title='bbox 2463 3780 2725 3839; x_wconf 82' lang='lat' dir='ltr'><strong>taxabat·</strong></span> 
     </span>
     <span class='ocr_line' id='line_1_47' title="bbox 258 3856 2723 3936; baseline 0.001 -23"><span class='ocrx_word' id='word_1_388' title='bbox 258 3856 477 3915; x_wconf 85' lang='lat' dir='ltr'><strong>Postea</strong></span> <span class='ocrx_word' id='word_1_389' title='bbox 501 3876 597 3917; x_wconf 83' lang='lat' dir='ltr'><strong>ars</strong></span> <span class='ocrx_word' id='word_1_390' title='bbox 624 3860 893 3930; x_wconf 80' lang='lat' dir='ltr'><strong>accessit,</strong></span> <span class='ocrx_word' id='word_1_391' title='bbox 922 3870 983 3919; x_wconf 86' lang='lat' dir='ltr'><strong>et</strong></span> <span class='ocrx_word' id='word_1_392' title='bbox 1010 3859 1371 3917; x_wconf 86' lang='lat' dir='ltr'><strong>theatrorum</strong></span> <span class='ocrx_word' id='word_1_393' title='bbox 1394 3858 1782 3917; x_wconf 86' lang='lat' dir='ltr'><strong>consuetudo.</strong></span> <span class='ocrx_word' id='word_1_394' title='bbox 1865 3858 1998 3918; x_wconf 90' lang='lat' dir='ltr'><strong>Nec</strong></span> <span class='ocrx_word' id='word_1_395' title='bbox 2018 3859 2232 3917; x_wconf 87' lang='lat' dir='ltr'><strong>desunt</strong></span> <span class='ocrx_word' id='word_1_396' title='bbox 2255 3860 2353 3936; x_wconf 89' lang='lat' dir='ltr'><strong>qui</strong></span> <span class='ocrx_word' id='word_1_397' title='bbox 2377 3858 2596 3917; x_wconf 86' lang='lat' dir='ltr'><strong>dictam</strong></span> <span class='ocrx_word' id='word_1_398' title='bbox 2616 3878 2723 3936; x_wconf 89' lang='lat' dir='ltr'><strong>pu·</strong></span> 
     </span>
     <span class='ocr_line' id='line_1_48' title="bbox 256 3934 2726 4017; baseline 0.002 -26"><span class='ocrx_word' id='word_1_399' title='bbox 256 3945 383 3993; x_wconf 87' lang='lat' dir='ltr'><strong>tent</strong></span> <span class='ocrx_word' id='word_1_400' title='bbox 411 3934 447 3993; x_wconf 64' lang='lat' dir='ltr'><strong>a</strong></span> <span class='ocrx_word' id='word_1_401' title='bbox 477 3936 565 3995; x_wconf 91' lang='lat' dir='ltr'><strong>Co</strong></span> <span class='ocrx_word' id='word_1_402' title='bbox 592 3936 798 4007; x_wconf 64' lang='lat' dir='ltr'><strong>insula,</strong></span> <span class='ocrx_word' id='word_1_403' title='bbox 828 3940 887 3997; x_wconf 91' lang='lat' dir='ltr'><strong>in</strong></span> <span class='ocrx_word' id='word_1_404' title='bbox 916 3940 1033 4017; x_wconf 68' lang='lat' dir='ltr'><strong>qua</strong></span> <span class='ocrx_word' id='word_1_405' title='bbox 1062 3936 1367 3997; x_wconf 80' lang='lat' dir='ltr'><strong>comoediae</strong></span> <span class='ocrx_word' id='word_1_406' title='bbox 1392 3936 1660 3993; x_wconf 87' lang='lat' dir='ltr'><strong>inventor</strong></span> <span class='ocrx_word' id='word_1_407' title='bbox 1681 3935 1942 3995; x_wconf 86' lang='lat' dir='ltr'><strong>exulavit</strong></span> <span class='ocrx_word' id='word_1_408' title='bbox 1975 3936 2378 4015; x_wconf 81' lang='lat' dir='ltr'><strong>Epicharmus.</strong></span> <span class='ocrx_word' id='word_1_409' title='bbox 2463 3936 2618 3999; x_wconf 88' lang='lat' dir='ltr'><strong>Sunt</strong></span> <span class='ocrx_word' id='word_1_410' title='bbox 2638 3950 2726 3995; x_wconf 87' lang='lat' dir='ltr'><strong>ta·</strong></span> 
     </span>
     <span class='ocr_line' id='line_1_49' title="bbox 252 4013 2722 4095; baseline 0.001 -24"><span class='ocrx_word' id='word_1_411' title='bbox 252 4031 387 4071; x_wconf 86' lang='lat' dir='ltr'><strong>men</strong></span> <span class='ocrx_word' id='word_1_412' title='bbox 416 4013 515 4093; x_wconf 89' lang='lat' dir='ltr'><strong>qui</strong></span> <span class='ocrx_word' id='word_1_413' title='bbox 545 4014 621 4073; x_wconf 86' lang='lat' dir='ltr'><strong>de</strong></span> <span class='ocrx_word' id='word_1_414' title='bbox 647 4017 897 4079; x_wconf 86' lang='lat' dir='ltr'><strong>nominis</strong></span> <span class='ocrx_word' id='word_1_415' title='bbox 924 4030 1123 4095; x_wconf 79' lang='lat' dir='ltr'><strong>etymo</strong></span> <span class='ocrx_word' id='word_1_416' title='bbox 1160 4014 1245 4075; x_wconf 84' lang='lat' dir='ltr'><strong>sic</strong></span> <span class='ocrx_word' id='word_1_417' title='bbox 1274 4025 1649 4077; x_wconf 86' lang='lat' dir='ltr'><strong>censuerunt.</strong></span> <span class='ocrx_word' id='word_1_418' title='bbox 1732 4018 1928 4082; x_wconf 82' lang='lat' dir='ltr'><strong>Quum</strong></span> <span class='ocrx_word' id='word_1_419' title='bbox 1983 4016 2138 4095; x_wconf 85' lang='lat' dir='ltr'><strong>apud</strong></span> <span class='ocrx_word' id='word_1_420' title='bbox 2172 4015 2568 4075; x_wconf 83' lang='lat' dir='ltr'><strong>Athenienses</strong></span> <span class='ocrx_word' id='word_1_421' title='bbox 2599 4018 2722 4093; x_wconf 87' lang='lat' dir='ltr'><strong>jam</strong></span> 
     </span>
     <span class='ocr_line' id='line_1_50' title="bbox 254 4091 2724 4172; baseline 0 -21"><span class='ocrx_word' id='word_1_422' title='bbox 254 4091 408 4151; x_wconf 89' lang='lat' dir='ltr'><strong>bella</strong></span> <span class='ocrx_word' id='word_1_423' title='bbox 435 4092 641 4151; x_wconf 85' lang='lat' dir='ltr'><strong>sedata</strong></span> <span class='ocrx_word' id='word_1_424' title='bbox 664 4108 885 4166; x_wconf 83' lang='lat' dir='ltr'><strong>essent,</strong></span> <span class='ocrx_word' id='word_1_425' title='bbox 914 4108 975 4154; x_wconf 88' lang='lat' dir='ltr'><strong>et</strong></span> <span class='ocrx_word' id='word_1_426' title='bbox 1001 4096 1076 4155; x_wconf 81' lang='lat' dir='ltr'><strong>ad</strong></span> <span class='ocrx_word' id='word_1_427' title='bbox 1106 4094 1285 4155; x_wconf 82' lang='lat' dir='ltr'><strong>otium</strong></span> <span class='ocrx_word' id='word_1_428' title='bbox 1318 4094 1474 4152; x_wconf 83' lang='lat' dir='ltr'><strong>cives</strong></span> <span class='ocrx_word' id='word_1_429' title='bbox 1514 4113 1578 4153; x_wconf 85' lang='lat' dir='ltr'><strong>se</strong></span> <span class='ocrx_word' id='word_1_430' title='bbox 1607 4094 2012 4163; x_wconf 85' lang='lat' dir='ltr'><strong>contulissent,</strong></span> <span class='ocrx_word' id='word_1_431' title='bbox 2042 4106 2354 4172; x_wconf 84' lang='lat' dir='ltr'><strong>coeperunt</strong></span> <span class='ocrx_word' id='word_1_432' title='bbox 2393 4096 2724 4170; x_wconf 82' lang='lat' dir='ltr'><strong>agrestibus</strong></span> 
     </span>
     <span class='ocr_line' id='line_1_51' title="bbox 248 4170 2718 4253; baseline 0.001 -24"><span class='ocrx_word' id='word_1_433' title='bbox 248 4170 489 4249; x_wconf 86' lang='lat' dir='ltr'><strong>injurias</strong></span> <span class='ocrx_word' id='word_1_434' title='bbox 516 4170 765 4231; x_wconf 78' lang='lat' dir='ltr'><strong>inferre:</strong></span> <span class='ocrx_word' id='word_1_435' title='bbox 794 4176 913 4253; x_wconf 71' lang='lat' dir='ltr'><strong>quii</strong></span> <span class='ocrx_word' id='word_1_436' title='bbox 938 4173 1014 4233; x_wconf 89' lang='lat' dir='ltr'><strong>de</strong></span> <span class='ocrx_word' id='word_1_437' title='bbox 1042 4174 1237 4239; x_wconf 67' lang='lat' dir='ltr'><strong>causa,</strong></span> <span class='ocrx_word' id='word_1_438' title='bbox 1269 4184 1529 4249; x_wconf 85' lang='lat' dir='ltr'><strong>agrestes</strong></span> <span class='ocrx_word' id='word_1_439' title='bbox 1557 4172 1666 4249; x_wconf 85' lang='lat' dir='ltr'><strong>ipsi</strong></span> <span class='ocrx_word' id='word_1_440' title='bbox 1691 4172 1746 4229; x_wconf 89' lang='lat' dir='ltr'><strong>in</strong></span> <span class='ocrx_word' id='word_1_441' title='bbox 1773 4174 1974 4231; x_wconf 88' lang='lat' dir='ltr'><strong>urbem</strong></span> <span class='ocrx_word' id='word_1_442' title='bbox 1999 4172 2234 4251; x_wconf 87' lang='lat' dir='ltr'><strong>quidem</strong></span> <span class='ocrx_word' id='word_1_443' title='bbox 2259 4194 2320 4231; x_wconf 90' lang='lat' dir='ltr'><strong>se</strong></span> <span class='ocrx_word' id='word_1_444' title='bbox 2343 4174 2608 4251; x_wconf 84' lang='lat' dir='ltr'><strong>recipere</strong></span> <span class='ocrx_word' id='word_1_445' title='bbox 2628 4192 2718 4231; x_wconf 89' lang='lat' dir='ltr'><strong>so-</strong></span> 
     </span>
     <span class='ocr_line' id='line_1_52' title="bbox 246 4250 2724 4331; baseline 0 -23"><span class='ocrx_word' id='word_1_446' title='bbox 246 4251 469 4319; x_wconf 85' lang='lat' dir='ltr'><strong>lebant,</strong></span> <span class='ocrx_word' id='word_1_447' title='bbox 496 4250 871 4331; x_wconf 73' lang='lat' dir='ltr'><strong>interdiuque</strong></span> <span class='ocrx_word' id='word_1_448' title='bbox 900 4252 973 4311; x_wconf 86' lang='lat' dir='ltr'><strong>de</strong></span> <span class='ocrx_word' id='word_1_449' title='bbox 1002 4250 1265 4329; x_wconf 74' lang='lat' dir='ltr'><strong>acceptis</strong></span> <span class='ocrx_word' id='word_1_450' title='bbox 1292 4250 1515 4327; x_wconf 82' lang='lat' dir='ltr'><strong>injuriis</strong></span> <span class='ocrx_word' id='word_1_451' title='bbox 1543 4250 1700 4329; x_wconf 81' lang='lat' dir='ltr'><strong>apud</strong></span> <span class='ocrx_word' id='word_1_452' title='bbox 1723 4250 1878 4309; x_wconf 83' lang='lat' dir='ltr'><strong>cives</strong></span> <span class='ocrx_word' id='word_1_453' title='bbox 1897 4272 2007 4310; x_wconf 92' lang='lat' dir='ltr'><strong>con</strong></span> <span class='ocrx_word' id='word_1_454' title='bbox 2054 4252 2202 4311; x_wconf 84' lang='lat' dir='ltr'><strong>ueri.</strong></span> <span class='ocrx_word' id='word_1_455' title='bbox 2283 4253 2370 4309; x_wconf 90' lang='lat' dir='ltr'><strong>At</strong></span> <span class='ocrx_word' id='word_1_456' title='bbox 2393 4272 2572 4329; x_wconf 87' lang='lat' dir='ltr'><strong>quum</strong></span> <span class='ocrx_word' id='word_1_457' title='bbox 2593 4250 2724 4309; x_wconf 89' lang='lat' dir='ltr'><strong>nul·</strong></span> 
     </span>
     <span class='ocr_line' id='line_1_53' title="bbox 246 4274 2724 4409; baseline 0 -23"><span class='ocrx_word' id='word_1_458' title='bbox 246 4329 337 4387; x_wconf 88' lang='lat' dir='ltr'><strong>lus</strong></span> <span class='ocrx_word' id='word_1_459' title='bbox 363 4330 448 4389; x_wconf 89' lang='lat' dir='ltr'><strong>eis</strong></span> <span class='ocrx_word' id='word_1_460' title='bbox 476 4349 647 4409; x_wconf 88' lang='lat' dir='ltr'><strong>opem</strong></span> <span class='ocrx_word' id='word_1_461' title='bbox 676 4331 1077 4409; x_wconf 71' lang='lat' dir='ltr'><strong>auxiliumque</strong></span> <span class='ocrx_word' id='word_1_462' title='bbox 1103 4332 1302 4399; x_wconf 80' lang='lat' dir='ltr'><strong>ferret,</strong></span> <span class='ocrx_word' id='word_1_463' title='bbox 1336 4341 1459 4388; x_wconf 90' lang='lat' dir='ltr'><strong>tum</strong></span> <span class='ocrx_word' id='word_1_464' title='bbox 1489 4329 1570 4385; x_wconf 90' lang='lat' dir='ltr'><strong>illi</strong></span> <span class='ocrx_word' id='word_1_465' title='bbox 1603 4342 1804 4396; x_wconf 82' lang='lat' dir='ltr'><strong>noctu,</strong></span> <span class='ocrx_word' id='word_1_466' title='bbox 1835 4274 2178 4389; x_wconf 55' lang='lat' dir='ltr'><strong>mortalibus</strong></span> <span class='ocrx_word' id='word_1_467' title='bbox 2205 4330 2478 4388; x_wconf 88' lang='lat' dir='ltr'><strong>omnihus</strong></span> <span class='ocrx_word' id='word_1_468' title='bbox 2514 4348 2724 4387; x_wconf 88' lang='lat' dir='ltr'><strong>somno</strong></span> 
     </span>
     <span class='ocr_line' id='line_1_54' title="bbox 246 4408 2719 4488; baseline 0 -23"><span class='ocrx_word' id='word_1_469' title='bbox 246 4418 309 4465; x_wconf 87' lang='lat' dir='ltr'><strong>et</strong></span> <span class='ocrx_word' id='word_1_470' title='bbox 336 4408 519 4485; x_wconf 89' lang='lat' dir='ltr'><strong>quieti</strong></span> <span class='ocrx_word' id='word_1_471' title='bbox 547 4408 1006 4488; x_wconf 78' lang='lat' dir='ltr'><strong>indulgentibus,</strong></span> <span class='ocrx_word' id='word_1_472' title='bbox 1028 4409 1187 4467; x_wconf 81' lang='lat' dir='ltr'><strong>urbis</strong></span> <span class='ocrx_word' id='word_1_473' title='bbox 1210 4408 1369 4467; x_wconf 87' lang='lat' dir='ltr'><strong>vicos</strong></span> <span class='ocrx_word' id='word_1_474' title='bbox 1391 4410 1699 4472; x_wconf 85' lang='lat' dir='ltr'><strong>obeuntes,</strong></span> <span class='ocrx_word' id='word_1_475' title='bbox 1719 4408 2058 4467; x_wconf 87' lang='lat' dir='ltr'><strong>nominatim</strong></span> <span class='ocrx_word' id='word_1_476' title='bbox 2082 4408 2719 4487; x_wconf 77' lang='lat' dir='ltr'><strong>civescompellabant‚</strong></span> 
     </span>
     <span class='ocr_line' id='line_1_55' title="bbox 245 4482 2719 4566; baseline 0.001 -25"><span class='ocrx_word' id='word_1_477' title='bbox 245 4482 283 4541; x_wconf 71' lang='lat' dir='ltr'><strong>a</strong></span> <span class='ocrx_word' id='word_1_478' title='bbox 310 4486 519 4559; x_wconf 87' lang='lat' dir='ltr'><strong>quibus</strong></span> <span class='ocrx_word' id='word_1_479' title='bbox 548 4500 739 4547; x_wconf 86' lang='lat' dir='ltr'><strong>essent</strong></span> <span class='ocrx_word' id='word_1_480' title='bbox 770 4488 991 4566; x_wconf 86' lang='lat' dir='ltr'><strong>injuriis</strong></span> <span class='ocrx_word' id='word_1_481' title='bbox 1018 4484 1233 4554; x_wconf 84' lang='lat' dir='ltr'><strong>affecti,</strong></span> <span class='ocrx_word' id='word_1_482' title='bbox 1263 4488 1590 4563; x_wconf 73' lang='lat' dir='ltr'><strong>eorumque</strong></span> <span class='ocrx_word' id='word_1_483' title='bbox 1618 4486 1675 4542; x_wconf 90' lang='lat' dir='ltr'><strong>in</strong></span> <span class='ocrx_word' id='word_1_484' title='bbox 1705 4506 1768 4543; x_wconf 86' lang='lat' dir='ltr'><strong>se</strong></span> <span class='ocrx_word' id='word_1_485' title='bbox 1799 4485 2108 4546; x_wconf 82' lang='lat' dir='ltr'><strong>malefacta</strong></span> <span class='ocrx_word' id='word_1_486' title='bbox 2133 4501 2314 4565; x_wconf 83' lang='lat' dir='ltr'><strong>atque</strong></span> <span class='ocrx_word' id='word_1_487' title='bbox 2352 4486 2620 4547; x_wconf 79' lang='lat' dir='ltr'><strong>facinora</strong></span> <span class='ocrx_word' id='word_1_488' title='bbox 2659 4484 2719 4544; x_wconf 87' lang='lat' dir='ltr'><strong>in</strong></span> 
     </span>
     <span class='ocr_line' id='line_1_56' title="bbox 242 4560 2720 4644; baseline 0.003 -30"><span class='ocrx_word' id='word_1_489' title='bbox 242 4560 543 4635; x_wconf 83' lang='lat' dir='ltr'><strong>publicum</strong></span> <span class='ocrx_word' id='word_1_490' title='bbox 586 4566 981 4643; x_wconf 85' lang='lat' dir='ltr'><strong>proferebant.</strong></span> <span class='ocrx_word' id='word_1_491' title='bbox 1094 4566 1169 4624; x_wconf 83' lang='lat' dir='ltr'><strong>Et</strong></span> <span class='ocrx_word' id='word_1_492' title='bbox 1198 4566 1325 4625; x_wconf 84' lang='lat' dir='ltr'><strong>haec</strong></span> <span class='ocrx_word' id='word_1_493' title='bbox 1355 4565 1592 4644; x_wconf 89' lang='lat' dir='ltr'><strong>quidem</strong></span> <span class='ocrx_word' id='word_1_494' title='bbox 1621 4576 1824 4634; x_wconf 90' lang='lat' dir='ltr'><strong>noctu,</strong></span> <span class='ocrx_word' id='word_1_495' title='bbox 1844 4585 2022 4642; x_wconf 87' lang='lat' dir='ltr'><strong>quum</strong></span> <span class='ocrx_word' id='word_1_496' title='bbox 2053 4586 2207 4640; x_wconf 81' lang='lat' dir='ltr'><strong>saepe</strong></span> <span class='ocrx_word' id='word_1_497' title='bbox 2230 4565 2403 4622; x_wconf 84' lang='lat' dir='ltr'><strong>vicini</strong></span> <span class='ocrx_word' id='word_1_498' title='bbox 2421 4565 2720 4637; x_wconf 81' lang='lat' dir='ltr'><strong>audirent,</strong></span> 
     </span>
     <span class='ocr_line' id='line_1_57' title="bbox 240 4636 2718 4721; baseline 0.004 -29"><span class='ocrx_word' id='word_1_499' title='bbox 240 4636 522 4712; x_wconf 85' lang='lat' dir='ltr'><strong>postridie</strong></span> <span class='ocrx_word' id='word_1_500' title='bbox 548 4644 748 4703; x_wconf 88' lang='lat' dir='ltr'><strong>audita</strong></span> <span class='ocrx_word' id='word_1_501' title='bbox 778 4648 931 4708; x_wconf 87' lang='lat' dir='ltr'><strong>inter</strong></span> <span class='ocrx_word' id='word_1_502' title='bbox 971 4666 1035 4707; x_wconf 83' lang='lat' dir='ltr'><strong>se</strong></span> <span class='ocrx_word' id='word_1_503' title='bbox 1079 4644 1295 4705; x_wconf 77' lang='lat' dir='ltr'><strong>referre</strong></span> <span class='ocrx_word' id='word_1_504' title='bbox 1336 4644 1639 4704; x_wconf 81' lang='lat' dir='ltr'><strong>solebant:</strong></span> <span class='ocrx_word' id='word_1_505' title='bbox 1689 4640 1860 4721; x_wconf 85' lang='lat' dir='ltr'><strong>eique</strong></span> <span class='ocrx_word' id='word_1_506' title='bbox 1886 4643 2000 4702; x_wconf 88' lang='lat' dir='ltr'><strong>civi</strong></span> <span class='ocrx_word' id='word_1_507' title='bbox 2042 4642 2293 4700; x_wconf 89' lang='lat' dir='ltr'><strong>dabatur</strong></span> <span class='ocrx_word' id='word_1_508' title='bbox 2336 4642 2498 4713; x_wconf 85' lang='lat' dir='ltr'><strong>vitio,</strong></span> <span class='ocrx_word' id='word_1_509' title='bbox 2543 4646 2718 4719; x_wconf 86' lang='lat' dir='ltr'><strong>cujus</strong></span> 
     </span>
     <span class='ocr_line' id='line_1_58' title="bbox 242 4712 2718 4797; baseline 0.006 -34"><span class='ocrx_word' id='word_1_510' title='bbox 242 4724 420 4767; x_wconf 83' lang='lat' dir='ltr'><strong>noctu</strong></span> <span class='ocrx_word' id='word_1_511' title='bbox 447 4712 686 4777; x_wconf 85' lang='lat' dir='ltr'><strong>fuissent</strong></span> <span class='ocrx_word' id='word_1_512' title='bbox 712 4728 911 4783; x_wconf 79' lang='lat' dir='ltr'><strong>audita</strong></span> <span class='ocrx_word' id='word_1_513' title='bbox 930 4724 1216 4783; x_wconf 79' lang='lat' dir='ltr'><strong>convicia.</strong></span> <span class='ocrx_word' id='word_1_514' title='bbox 1278 4727 1475 4787; x_wconf 83' lang='lat' dir='ltr'><strong>Quum</strong></span> <span class='ocrx_word' id='word_1_515' title='bbox 1500 4722 1640 4781; x_wconf 72' lang='lat' dir='ltr'><strong>vero</strong></span> <span class='ocrx_word' id='word_1_516' title='bbox 1664 4740 1734 4779; x_wconf 81' lang='lat' dir='ltr'><strong>ea</strong></span> <span class='ocrx_word' id='word_1_517' title='bbox 1761 4740 1851 4778; x_wconf 87' lang='lat' dir='ltr'><strong>res</strong></span> <span class='ocrx_word' id='word_1_518' title='bbox 1872 4719 2163 4797; x_wconf 78' lang='lat' dir='ltr'><strong>plerisque</strong></span> <span class='ocrx_word' id='word_1_519' title='bbox 2181 4718 2462 4796; x_wconf 79' lang='lat' dir='ltr'><strong>prodesse</strong></span> <span class='ocrx_word' id='word_1_520' title='bbox 2485 4719 2718 4779; x_wconf 83' lang='lat' dir='ltr'><strong>videre-</strong></span> 
     </span>
    </p>
   </div>
  </div>
 </body>
</html>
