3067 4959
1307 315 1953 392 TERENTIANA.
2390 293 2393 296 ’
2698 331 2801 395 eiii

325 483 492 552 cesse
521 501 636 561 est,
665 488 856 568 qualis
883 497 942 546 et
969 487 1025 544 in
1055 485 1282 566 reliqua
1311 487 1528 566 ubique
1568 486 1947 564 dispositione
1973 497 2083 546 est.
2164 489 2339 554 Quod
2368 487 2442 548 ad
2474 489 2792 550 dictionem

321 582 547 640 autern,
579 569 710 648 quis
739 567 976 644 negabit
1004 565 1270 644 quaedam
1299 586 1428 625 esse
1457 567 1513 622 in
1547 567 1776 632 Plauto,
1808 585 1937 644 quae
1965 566 2300 625 nec'locum
2330 579 2501 627 extra
2529 588 2787 640 scenam,

323 667 522 726 neque
549 667 720 705 usum
747 646 854 704 nisi
883 646 1031 703 inter
1058 644 1368 702 histriones
1396 645 1639 702 habent:
1673 645 1827 702 unde
1848 645 1972 701 solo
2000 654 2061 702 et
2086 645 2309 722 exiguo
2328 647 2542 704 theatri
2570 649 2789 705 ambitu

325 723 926 785 circumscribuntur?
1011 721 1162 780 Nam
1193 734 1254 780 et
1282 719 1649 800 ἀγωνιστικὸν
1676 723 1731 778 in
1760 722 1907 790 foro,
1930 741 2122 800 neque
2152 723 2339 782 minsis
2360 723 2651 800 γραφικόν,
2670 727 2789 783 sive
2814 741 2819 751 ·

325 805 608 863 usitatum
637 805 694 861 in
722 800 1030 861 scribendo
1059 801 1479 870 characterem,
1521 800 1695 875 longe
1724 801 2054 858 excedunt:
2101 801 2219 878 quo
2264 803 2481 880 ubique
2512 803 2699 872 Nova,
2730 816 2790 861 et

317 885 443 959 jam
473 883 802 946 emendata,
831 879 1064 956 respicit
1097 878 1419 937 Comoedia.
1502 881 1703 943 Quare
1734 879 1919 935 Varro
1948 879 2083 936 cum
2115 881 2395 938 sermonis
2430 881 2660 938 laudem
2705 882 2787 938 illi

327 961 558 1029 tribuit,
587 961 740 1018 idem
769 958 926 1036 quod
943 957 1161 1034 ubique
1183 957 1238 1013 in
1257 956 1508 1032 scriptis,
1529 956 1731 1034 quanti
1761 957 1983 1015 faceret
2002 958 2425 1036 antiquitatem,
2449 959 2787 1035 profitetur:

329 1051 398 1096 ut
427 1038 527 1116 qui
553 1037 630 1094 τὰ
652 1033 1115 1115 ἀπηρχαιωμένα,
1135 1054 1264 1112 quae
1281 1035 1340 1090 in
1373 1035 1585 1092 Plauto
1613 1034 1823 1111 partim
1853 1055 2037 1092 aevum
2069 1056 2185 1114 quo
2214 1037 2340 1094 haec
2369 1037 2621 1112 scripsit,
2652 1057 2786 1113 par-

329 1117 432 1174 tim
465 1137 596 1194 quae
621 1117 917 1193 plerisque
945 1113 1156 1192 placet,
1185 1113 1310 1190 ipsa
1338 1112 1526 1170 desita
1554 1113 1869 1188 antiquitas
1898 1115 2289 1172 commendat.
2372 1117 2547 1174 Unde
2574 1127 2632 1172 et
2663 1117 2787 1192 ipse

327 1196 428 1273 qui
456 1195 540 1253 sic
566 1194 878 1272 judicavit,
910 1203 974 1250 ut
1002 1189 1238 1246 nimium
1267 1190 1633 1268 antiquitatis
1660 1190 1717 1246 in
1746 1191 2057 1248 scribendo
2086 1192 2399 1262 studiosus,
2431 1213 2621 1270 neque
2648 1193 2787 1251 satis

325 1273 432 1330 aevi
461 1274 549 1332 sui
579 1291 822 1340 memor,
857 1271 1042 1328 Varro
1071 1270 1143 1326 ab
1171 1267 1424 1346 antiquis
1465 1267 1683 1326 criticis
1724 1281 1980 1327 notatur.
2062 1270 2177 1336 Qui
2223 1271 2357 1330 cum
2403 1271 2653 1330 sentiant
2702 1271 2787 1330 sic

318 1351 587 1428 judicent
635 1371 748 1419 ue;
789 1349 958 1407 nobis
986 1347 1087 1424 qui
1127 1348 1201 1404 ab
1231 1347 1342 1404 illis
1371 1346 1577 1404 merito
1616 1347 1959 1425 pendemuS,
1988 1349 2260 1426 equidem
2292 1349 2605 1407 tacendum
2635 1369 2785 1408 reor.

329 1431 564 1488 Auctor
591 1371 664 1487 de
693 1428 882 1486 causis
910 1425 1262 1503 eloquentiae
1291 1435 1609 1501 corruptae:
1645 1427 1939 1484 Neminem
1970 1427 2283 1498 nominabo,
2304 1449 2487 1504 genus
2503 1427 2784 1486 hominnm

325 1509 379 1565 si
417 1507 582 1566 na‘sse
605 1515 894 1566 contentus
914 1529 936 1564 .-
978 1505 1082 1563 sed
1117 1503 1271 1562 vobis
1297 1504 1492 1582 utique
1517 1512 1817 1562 versantur
1841 1513 1975 1562 ante
2000 1504 2203 1574 oculos,
2232 1507 2333 1584 qni
2358 1505 2643 1564 Lucilium
2676 1528 2786 1586 pro

332 1529 604 1654 Ῐ-ῗοναίἰο,
647 1595 700 1642 et
742 1583 1076 1644 Lucretium
1120 1603 1232 1661 pro
1291 1580 1531 1660 Virgilio
1576 1581 1787 1659 legunt,
1838 1582 2037 1660 quibus
2074 1582 2389 1661 eloquentia
2432 1585 2521 1642 tui
2566 1585 2791 1662 Arffidii

326 1664 520 1732 Bassi,
549 1673 652 1722 aut
691 1661 928 1722 Servilii
957 1661 1234 1726 Noviani,
1261 1679 1330 1717 ex
1355 1661 1773 1737 comparatione
1801 1661 2058 1718 Sisennae
2092 1671 2191 1719 aut
2238 1663 2525 1730 Varronis,
2553 1664 2741 1720 sordet
2764 1687 2785 1720 .-

329 1742 484 1818 quod
511 1761 590 1799 ex
616 1741 860 1799 vocibus
887 1736 1142 1814 antiquis
1172 1746 1356 1813 patet,
1388 1755 1532 1814 quas
1550 1757 1625 1794 ex
1655 1736 1815 1794 libris
1837 1739 1963 1814 ejus
1985 1738 2173 1796 critici
2201 1739 2491 1815 legerunt,
2516 1740 2649 1798 cum
2670 1759 2787 1796 non

327 1837 519 1898 pauca
543 1819 657 1878 alia
683 1838 760 1878 ex
785 1817 1019 1894 scriptis
1047 1821 1171 1891 ejus
1203 1816 1326 1893 peti
1353 1815 1597 1891 possint.
1676 1815 1937 1904 Ide6que
1967 1817 2198 1882 Cicer0,
2229 1817 2327 1894 qui
2356 1817 2431 1872 de
2458 1817 2643 1874 aetatis
2670 1837 2791 1876 suae

331 1909 392 1954 et
421 1916 691 1955 sermone
719 1907 780 1954 et
799 1905 1104 1954 venustate
1133 1893 1389 1953 maxima
1409 1913 1541 1951 cum
1567 1896 1707 1951 cura
1727 1894 2052 1970 judicabat,
2075 1894 2307 1951 laudem
2332 1895 2483 1952 hanc
2512 1895 2791 1953 Terentio

335 1975 584 2032 cessisse
609 1973 817 2032 merito
844 1972 1212 2050 pronunciat.
1298 1972 1398 2031 Sic
1427 1971 1581 2030 enim
1626 1970 1699 2028 ad
1730 1972 1998 2028 Atticum
2026 1995 2040 2037 ς
2089 1975 2321 2030 Secutus
2346 1993 2486 2040 sum,
2529 1993 2639 2031 non
2668 1975 2792 2032 dico

341 2051 640 2110 Caecilium
653 2071 680 2116 ;
711 2051 892 2108 Mane
920 2060 986 2107 ut
1011 2068 1085 2106 ex
1107 2061 1278 2124 portu
1299 2051 1356 2107 in
1391 2049 1706 2108 Piraeeum:
1734 2049 1916 2106 malas
1936 2051 2081 2107 enim
2102 2051 2443 2108 Latinitatis
2460 2059 2657 2108 auctor
2672 2061 2749 2108 est
2764 2049 2813 2120 ‚·‘

339 2129 813 2265 sed-gerentiam,
833 2127 1256 2206 cigjusfltbellae,
1272 2138 1508 2206 propter
1519 2128 1857 2206 elegantiam
1874 2128 2163 2198 sermoniS,
2179 2127 2533 2206 putabantur
2547 2130 2584 2186 ἃ
2606 2127 2794 2188 Laelio

337 2227 452 2266 scri
491 2227 550 2266 z.-

599 2284 716 2332 Heri
736 2286 904 2346 aliquot
925 2284 1246 2333 adolescentuli
1267 2287 1444 2333 coimus
1463 2287 1510 2332 in
1534 2285 1779 2332 Piraeeum.

419 2349 499 2407 Et
529 2349 758 2407 Servius
785 2349 1144 2426 proprietate
1172 2351 1399 2408 caetcris
1426 2350 1799 2427 praepositum
1830 2349 1987 2408 hunc
2017 2361 2199 2408 notat.
2269 2350 2433 2408 Idem
2464 2350 2539 2408 de
2558 2361 2793 2408 seuten-

334 2428 450 2498 tiis,
481 2446 624 2507 quas
653 2425 882 2493 ὂιανείας
912 2440 1142 2494 vocant,
1163 2429 1418 2502 judicari
1449 2441 1669 2505 potest:
1704 2446 1905 2486 omnes
1933 2429 2083 2486 enim
2110 2429 2233 2486 fere
2264 2428 2454 2486 Plauti
2485 2442 2542 2487 et
2561 2432 2793 2506 ἐυμελι·

334 2506 426 2564 καὶ
451 2518 606 2578 sunt,
628 2518 691 2565 et
709 2508 784 2565 ab
803 2524 912 2564 usu
931 2506 1162 2564 alienae:
1194 2507 1398 2583 quales
1419 2507 1629 2584 passim
1658 2506 1865 2574 habet;
1892 2507 2170 2584 imprimis
2200 2505 2331 2566 cum
2356 2507 2797 2586 philosophatur

333 2585 424 2642 aa)
449 2589 809 2664 γνωμοτυποΐ.
893 2584 977 2642 Ut
1007 2604 1190 2642 ecce:

589 2664 806 2712 Insanum
827 2671 900 2711 est
921 2663 1102 2718 malum,
1127 2663 1174 2708 in
1198 2664 1440 2725 hospitium
1465 2663 1629 2710 diverti
1651 2664 1707 2710 ad
1731 2663 2015 2726 Cupidinem.

414 2729 570 2787 Vere
599 2729 898 2787 scenicum
928 2739 987 2784 et
1016 2727 1160 2784 illud
1186 2749 1200 2782 ι

586 2807 653 2854 Et
673 2805 918 2869 postremo,
941 2807 1024 2852 nisi
1049 2821 1123 2851 me
1146 2807 1389 2861 auscultaS,
1413 2813 1549 2866 atque
1570 2808 1671 2862 hoc,
1694 2815 1745 2854 ut
1767 2808 1881 2862 dico,
1904 2806 2027 2860 facis,

477 2915 494 2930 ,
590 2871 713 2917 Tute
737 2887 855 2932 pone
877 2880 952 2927 te;
987 2871 1144 2916 latebis
1167 2870 1315 2926 facile,
1339 2887 1398 2916 ne
1419 2872 1619 2918 inveniat
1641 2880 1685 2918 te
1707 2873 1867 2918 bonor.

415 2934 499 2992 Et
527 2935 656 3011 quis
683 2934 826 2990 illud
855 2945 1024 2991 extra
1051 2953 1290 2992 scenam
1323 2953 1605 3011 usurpare
1633 2935 1783 2992 ausit
1804 2936 1833 2991 Ρ

597 3011 846 3058 Benefacta
861 3011 1106 3058 benefactis
1127 3013 1228 3059 aliis
1251 3014 1488 3076 pertegito.
1514 3029 1571 3060 nc
1590 3014 1841 3076 perpluant.

425 3077 623 3140 Quare
650 3093 946 3152 nunquam
975 3072 1252 3152 effugient
1277 3077 1414 3155 quin
1438 3077 1556 3135 sint
1583 3078 1784 3154 inepti,
1808 3073 1907 3154 qui
1936 3075 2063 3131 haec
2079 3086 2141 3134 et
2170 3074 2279 3132 alia
2302 3073 2358 3130 id
2386 3093 2593 3150 genua,
2616 3073 2690 3129 ad
2710 3093 2799 3130 se-

347 3151 498 3208 rium
527 3149 760 3208 dicendi
797 3169 984 3228 genus
1011 3155 1385 3214 transferunt.
1466 3156 1922 3233 Consequuntui·
1949 3152 2122 3218 enim,
2155 3151 2311 3230 quod
2343 3171 2455 3208 non
2486 3151 2704 3216 vident,
2736 3163 2801 3209 ut

343 3229 510 3287 inviti
541 3228 716 3286 risum
747 3241 1054 3288 moveant:
1085 3233 1240 3308 quod
1271 3254 1382 3291 non
1458 3233 1591 3292 auci
1618 3234 1792 3290 hodie
1824 3231 1879 3288 in
1907 3231 2137 3306 scriptis
2167 3228 2419 3292 maximo
2448 3227 2741 3286 molimine
2768 3228 2804 3284 a

339 3307 568 3366 lectore
596 3307 932 3384 impetrant.
1015 3307 1294 3388 Sequitur
1319 3314 1380 3370 ‘ro‘
1407 3309 1549 3386 25625.
1631 3312 1826 3376 Quod,
1862 3321 1921 3367 ut
1965 3309 2139 3366 docet
2172 3307 2545 3370 Aristoteles,
2586 3305 2642 3361 in
2674 3325 2803 3364 ora-

339 3386 522 3458 tione,
540 3385 998 3465 uniuscujusque
1017 3385 1352 3450 institutum
1384 3390 1604 3448 indicat
1633 3402 1691 3447 et
1712 3389 2090 3446 voluntatem.
2170 3385 2347 3451 Quod
2370 3386 2426 3442 in
2450 3383 2691 3462 singulis
2716 3405 2806 3444 re-

337 3477 714 3543 praesentare,
744 3465 850 3524 nisi
880 3464 986 3523 viri
1013 3480 1116 3526 aut
1144 3468 1454 3546 prudentis
1481 3479 1583 3526 aut
1614 3466 1960 3545 philosophi,
1994 3465 2205 3523 nullius
2232 3477 2339 3524 est.
2424 3464 2572 3521 Nam
2606 3483 2807 3542 quem-

337 3543 650 3603 admodum
681 3543 716 3602 ὲ
744 3543 989 3620 singulis
1020 3548 1414 3622 experientia,
1445 3545 1527 3603 ita
1557 3566 1729 3604 nemo
1757 3545 2117 3622 singulorum
2150 3563 2337 3602 mores
2378 3543 2501 3601 sine
2542 3543 2653 3602 hac
2704 3561 2809 3600 ex-

338 3621 555 3700 primit.
638 3624 838 3687 Quare
867 3623 1126 3682 omnium
1159 3623 1598 3685 accuratissime
1622 3636 1681 3681 et
1710 3622 1948 3700 optime,
1974 3621 2115 3699 quid
2140 3621 2215 3679 sit
2242 3621 2437 3679 facere
2466 3631 2529 3682 ut
2558 3621 2633 3678 sit
2654 3617 2807 3694 ἠθικὴ

340 3700 544 3769 oratio,
572 3699 958 3779 philosophus
989 3705 1280 3762 ostendit:
1326 3703 1486 3780 quod
1513 3702 1605 3759 vel
1646 3702 1833 3758 solum
1865 3705 2010 3760 tanti
2040 3711 2149 3768 est,
2182 3712 2247 3756 ut
2274 3699 2411 3759 nihil
2448 3697 2634 3756 minus
2661 3719 2809 3756 non-

342 3777 506 3842 nulli,
531 3779 630 3854 qui
652 3779 726 3836 ad
750 3779 1180 3839 rhetoricarum
1203 3800 1440 3840 suarum
1465 3779 1648 3856 leges,
1670 3799 2011 3855 magnorum
2031 3797 2267 3855 quoque
2288 3790 2351 3834 et
2370 3777 2699 3842 sublimium
2724 3777 2811 3832 in-

343 3855 648 3930 geniorum
677 3856 976 3916 orationes
1005 3862 1254 3936 exigere
1283 3859 1524 3923 audent,
1553 3858 1663 3914 hac
1696 3859 1749 3912 in
1782 3869 1949 3934 parte
1975 3856 2211 3914 videant
2235 3876 2251 3913 ε
2281 3856 2337 3912 in
2368 3857 2503 3931 qua,
2533 3856 2608 3912 ad
2636 3856 2815 3931 ipsius

346 3949 580 4009 quoque
609 3935 976 4011 antiquitatis
1006 3951 1327 4014 stuporem,
1360 3936 1505 3993 Afer
1534 3935 1645 3993 iste
1671 3949 1896 4012 regnat.
1980 3933 2171 3992 Recte
2200 3953 2343 4011 ergo
2371 3935 2585 3992 Varro:
2619 3935 2690 3992 In
2722 3955 2821 3992 ar-

335 4009 624 4087 gumentis
648 4011 918 4072 Coecilius
935 4017 1120 4094 poscit
1140 4015 1406 4090 palmam,
1432 4016 1490 4071 in
1521 4013 1733 4071 ethesin
1763 4014 2082 4072 Terentius.
2169 4012 2472 4088 Significat
2489 4014 2663 4076 enim,
2689 4013 2819 4072 Cae-

347 4085 550 4144 cilium
579 4086 850 4162 εὸρετικὸν,
875 4107 980 4150 aut
1009 4093 1210 4170 potius
1237 4090 1637 4168 εὕοικονόμητον
1660 4091 1862 4148 fuisse:
1937 4089 2384 4148 uemadmodum
2416 4087 2820 4164 ἀνοικονόμητος

341 4183 762 4242 nonnunquam
791 4189 912 4246 prae
943 4171 1182 4249 reliquis
1223 4171 1456 4230 videtur
1499 4169 1745 4226 Plautus
1771 4188 1784 4224 ε
1833 4187 1930 4226 cut
1977 4169 2259 4226 sermonis
2304 4169 2457 4226 idem
2506 4168 2823 4242 assignavit

341 4241 603 4300 laudem.
685 4245 880 4316 Quod,
909 4249 956 4306 si
988 4251 1300 4328 quicquam
1333 4249 1612 4326 sapimus,
1641 4247 1981 4306 Terentium
2013 4260 2102 4306 est
2134 4247 2342 4304 Plauto
2371 4247 2663 4324 praeferre.
2734 4243 2823 4304 Ut

346 4319 482 4378 cum
507 4339 666 4388 eum,
687 4323 786 4399 qui
814 4327 1054 4386 excellit
1072 4328 1129 4385 in
1155 4327 1376 4404 majori,
1401 4326 1587 4402 magis
1616 4325 1785 4402 quam
1806 4323 1906 4402 qui
1936 4324 1991 4381 in
2016 4325 2222 4381 minori
2240 4326 2487 4382 dicimus
2510 4318 2821 4378 excellcre.

349 4397 564 4476 Neque
614 4416 795 4458 causa
841 4401 952 4460 fuit
995 4405 1126 4474 alia,
1178 4426 1378 4485 quare,
1467 4405 1583 4462 uod
1628 4404 1939 4462 observant
1965 4416 2213 4468 veteres,
2246 4403 2397 4460 idem
2429 4400 2615 4458 varro
2644 4395 2822 4453 etiam

345 4475 778 4546 Menandro,in
799 4479 1144 4558 quibusdam
1166 4483 1490 4562 praetulerit
1509 4481 1873 4540 Terentium.
1915 4481 2189 4557 Exempli
2209 4481 2405 4546 caus-a,
2420 4471 2824 4564 Adelphorum

344 4554 532 4614 initio.
618 4557 834 4636 Neque
863 4558 1172 4620 immerit6.
1253 4559 1512 4620 Mirifice
1544 4560 1720 4629 enim,
1750 4557 1885 4616 cum
1916 4558 2073 4624 alibi,
2105 4569 2228 4614 tum
2260 4555 2335 4612 ibi
2371 4561 2577 4628 regnat
2601 4567 2660 4608 ‘ro
2687 4547 2829 4628 ἦθος.

349 4632 516 4692 Idem
549 4633 764 4706 Varro,
795 4635 932 4696 cum
965 4639 1298 4718 tragoediae‚
1328 4637 1657 4705 comoediae‚
1688 4656 1757 4694 ac
1787 4649 1999 4712 satyrae
2032 4633 2268 4707 effingat
2306 4631 2540 4695 formas,
2584 4631 2723 4707 quid
2755 4632 2829 4688 de

357 4724 559 4771 nostro
577 4713 836 4791 judicet,
867 4715 1090 4776 diserte
1119 4717 1431 4794 expressit.
1515 4717 1865 4775 Ubertatem
1896 4711 2051 4770 enim
2080 4706 2281 4764 tribuit
2304 4705 2624 4782 tragoedioe‚
2656 4725 2829 4784 quam

362 4787 464 4847 dat
482 4791 773 4852 Pacuvio:
805 4795 1202 4871 gracilitatem
1225 4805 1458 4872 satyroe,
1484 4811 1657 4871 quam
1676 4789 1883 4848 tribuit
1908 4783 2169 4845 Lucilio:
2204 4781 2665 4840 mediocritatem
2696 4781 2835 4839 vero
