3067 4959
302 321 375 388 xl
1156 319 1888 387 PROLEGOMENA

391 481 543 543 Aliis
570 499 696 540 esse
736 481 1050 560 legendum
1089 489 1151 540 et
1193 481 1387 542 codex
1430 501 1524 540 me
1565 481 1792 541 monuit
1830 489 2220 560 pervetustus,
2263 490 2326 539 et
2365 479 2492 540 aliis
2534 499 2778 559 quoque

308 559 481 620 video
508 559 833 640 placuisse:
878 571 944 619 ut
972 578 1088 618 non
1116 559 1293 619 modo
1321 560 1397 619 ad
1424 579 1547 631 eos,
1575 562 1924 639 quibuscum
1955 559 2292 636 Pamphilus
2321 557 2438 617 una
2477 573 2626 628 erat,
2667 561 2777 620 sed

312 641 387 700 ad
418 659 617 698 omnes
645 639 908 698 homines
936 637 1138 697 referri
1167 641 1369 715 possit,
1398 651 1463 698 ut
1492 651 1553 698 et
1579 638 1637 696 id
1669 639 1824 717 quod
1853 637 2154 717 praecedit,
2181 639 2452 697 adversus
2479 639 2708 698 nemini.

395 717 535 786 Ubi,
568 717 710 776 Sine
738 716 954 776 invidia
981 717 1204 775 laudem
1232 717 1505 788 invenias,
1534 727 1588 776 et
1617 719 1822 777 amicos
1842 737 2033 796 pares.

394 795 570 862 Quod
598 807 659 853 et
688 795 969 854 Prisciani
996 808 1057 854 et
1086 808 1346 854 nostrum
1376 805 1529 855 esset
1561 795 1850 885 judicium
1892 805 2066 853 antea
2105 793 2476 853 dicebamus:
2518 793 2556 850 ὲ
2582 814 2698 872 quo
2725 795 2778 854 si

314 873 707 942 dissentimus,
737 874 1001 951 cogitare
1028 893 1200 932 nemo
1241 874 1438 945 debet,
1478 894 1576 953 qui
1615 885 1718 933 aut
1754 874 1854 932 ille
1892 873 2090 944 fuerit,
2119 883 2222 931 aut
2261 891 2368 930 nos
2407 871 2626 932 simus:
2671 873 2778 932 sed

316 953 456 1032 quid
486 952 732 1042 quisque
760 953 937 1020 dicat,
969 951 1109 1031 quid
1138 951 1196 1009 in
1220 953 1544 1027 judicando
1568 951 1748 1011 fuerit
1772 964 2030 1010 secutus.

398 1029 535 1100 Ubi,
570 1032 723 1089 Nam
752 1031 851 1110 qui
875 1051 997 1090 cum
1024 1031 1270 1110 ingeniis
1295 1031 1654 1099 conflictatur
1677 1031 1969 1110 ejusmodi.

396 1109 545 1179 Nos,
588 1109 743 1166 Nam
770 1110 1013 1188 quicum
1042 1109 1099 1167 in
1144 1109 1261 1167 enii
1298 1109 1584 1188 conflictor
1623 1109 1913 1188 ejusmodi.
1993 1110 2086 1168 Ita
2113 1107 2171 1165 in
2203 1107 2577 1177 Phormione,
2608 1109 2778 1168 Nun·

316 1207 483 1268 quam
514 1208 646 1246 usus
670 1189 841 1252 venit,
871 1195 933 1245 ut
960 1207 1081 1244 cum
1142 1189 1423 1266 zyusmodi
1445 1209 1546 1247 con
1593 1188 1798 1246 ietares
1816 1185 1985 1246 malo.
2065 1185 2308 1245 Proberi
2329 1185 2484 1244 enim
2503 1187 2644 1244 mihi
2661 1205 2780 1244 non

362 1276 516 1323 otest
540 1264 749 1323 fecisse
776 1264 875 1324 hic
905 1263 1245 1322 Terentium
1274 1267 1545 1344 ejusmodi
1573 1265 1956 1342 trisyllabum,
2029 1265 2147 1324 uod
2176 1264 2434 1343 quinque
2455 1283 2584 1322 esse
2604 1265 2780 1342 sylla·

358 1362 521 1401 arum
552 1343 830 1401 concessa
856 1341 1144 1400 vocalium
1174 1341 1453 1401 divisione
1480 1345 1649 1401 solet.
1721 1344 1852 1401 Non
1874 1343 2148 1403 dissimile
2169 1341 2338 1403 valde
2361 1355 2470 1414 est,
2491 1342 2782 1422 nisi‘quod

315 1422 657 1501 pudendum
686 1421 888 1498 magis,
914 1421 1081 1557 juod
1108 1419 1261 1479 idem
1290 1421 1513 1479 notavit
1543 1423 1600 1478 in
1641 1421 1742 1479 illo
1773 1423 1914 1480 Act.
1948 1422 2061 1480 111.
2105 1441 2264 1481 scen.
2309 1421 2394 1478 11.
2495 1423 2634 1481 Non
2673 1423 2781 1481 im·

310 1499 551 1580 perabat
576 1501 785 1566 ‹20er,
814 1500 913 1577 qui
978 1502 1293 1580 opussacto
1318 1509 1457 1558 esset
1479 1519 1798 1578 puerperae.
1889 1501 2036 1558 Esse
2057 1519 2356 1579 puerperae
2377 1497 2776 1577 trisyllabum:

318 1579 453 1637 cum
484 1578 531 1635 si
559 1578 661 1634 fiat
687 1577 1069 1654 trisyllabum,
1099 1596 1299 1635 versus
1326 1589 1481 1635 stare
1509 1577 1844 1635 octonarius
1871 1578 2154 1637 iambicus
2181 1598 2298 1638 non
2327 1578 2528 1657 possit.

396 1656 537 1726 Ubi,
572 1657 772 1733 Neque
796 1665 1167 1715 commovetur
1191 1657 1411 1714 animus
1438 1656 1499 1714 in
1526 1655 1594 1713 εᾶ
1623 1674 1686 1712 re
1711 1665 1919 1725 tamen,

401 1735 563 1794 Scias
594 1755 758 1814 posse
782 1733 989 1793 habere
1026 1739 1125 1792 'am
1154 1735 1332 1811 ipsum
1359 1753 1479 1792 suae
1504 1734 1642 1792 vitae
1670 1735 1910 1793 modum.
1979 1733 2279 1793 Posterior
2305 1733 2402 1794 hic
2423 1753 2645 1806 versus,
2669 1733 2778 1794 nisi

312 1815 461 1874 scias
488 1833 661 1870 unum
688 1811 870 1871 facias
896 1812 982 1890 syl
1010 1815 1197 1882 abam,
1228 1824 1291 1870 et
1314 1832 1433 1870 suae
1461 1811 1602 1870 item
1631 1831 1826 1884 unam,
1855 1832 2160 1872 numerum
2199 1813 2472 1872 excedet·
2557 1814 2692 1892 Ego
2717 1813 2778 1870 in

318 1891 640 1970 exemplari
668 1902 901 1950 vetusto
928 1891 1209 1970 scriptum
1240 1890 1487 1968 repet-ic,

396 1973 599 2052 Neque
623 1980 993 2030 commovetur
1018 1970 1241 2028 animus
1268 1970 1327 2029 in
1358 1967 1425 2026 ed
1452 1991 1535 2040 re,
1563 1970 1712 2030 scias

400 2051 546 2108 Tum
566 2055 699 2130 jam
726 2051 905 2127 ipsum
946 2047 1153 2107 habere
1186 2069 1349 2126 posse
1386 2069 1506 2108 suoe
1548 2049 1684 2108 vitae
1727 2049 1967 2108 modum.
2051 2051 2200 2116 Quae
2225 2047 2349 2108 sine
2380 2048 2783 2108 controversia

312 2145 453 2184 vera
482 2138 591 2194 est,
621 2139 800 2200 atque
827 2143 1105 2200 germana
1134 2123 1311 2181 lectio
1335 2147 1349 2179 :
1394 2145 1510 2183 non
1542 2138 1806 2185 mutatur
1832 2131 2139 2196 sententia,
2173 2147 2277 2184 sua
2305 2127 2550 2188 orationi
2589 2127 2786 2205 gratia

314 2204 679 2280 relinquitur,
709 2201 857 2258 dura
884 2199 982 2258 illa
1019 2200 1077 2256 in
1106 2202 1307 2271 verbe,
1349 2203 1511 2274 scias,
1555 2204 1772 2263 vitatur
1811 2205 2068 2262 collisio:
2110 2203 2296 2261 facilis
2337 2206 2512 2279 porro
2553 2215 2678 2264 tum
2719 2206 2783 2264 in

312 2289 520 2346 tamen,
548 2280 662 2338 suit
688 2278 952 2336 mutatio.

396 2357 536 2429 Ubi,
566 2359 847 2438 Efflrtur‚
876 2357 1040 2415 imus.
1121 2357 1353 2416 Interea
1380 2361 1532 2420 inter
1559 2359 1840 2428 mulieres,

560 2437 703 2504 Quae
730 2435 810 2494 ibi
835 2435 1277 2511 aderant„sbrte
1304 2459 1472 2496 unam
1498 2441 1713 2516 aspicio
1739 2433 2228 2496 adolescentulam.

396 2515 523 2572 Nos
550 2525 613 2572 et
640 2513 797 2592 quod
818 2514 899 2572 ita
920 2514 1215 2572 venustior
1242 2514 1317 2574 sit
1345 2517 1556 2586 oratio,
1574 2529 1636 2575 et
1655 2515 1808 2594 quod
1828 2533 2028 2572 versus
2051 2510 2316 2590 impediri
2335 2531 2398 2570 se
2417 2521 2506 2570 tot
2527 2513 2782 2591 pedibus

313 2593 468 2672 pene
496 2593 728 2661 clamet,
758 2592 1449 2670 legendum'putavimus,
1478 2615 1608 2675 quee
1635 2595 1715 2652 ihi
1739 2593 2001 2661 aderant,
2031 2591 2242 2670 aspicio
2254 2591 2430 2668 sort?
2455 2591 2779 2654 adolescen-

312 2670 509 2730 tulam.
568 2669 767 2729 Aliter
778 2669 991 2728 citatur
1012 2673 1084 2729 ab
1106 2671 1445 2750 interprete,
1467 2691 1582 2731 non
1607 2691 1792 2750 nego:
1823 2681 1886 2728 et
1903 2669 2074 2730 aliter
2101 2689 2338 2749 quoque
2365 2669 2583 2729 citatur
2609 2670 2777 2744 illud,

313 2751 430 2809 Isti
454 2749 520 2807 id
542 2750 866 2828 vituperant
866 2751 1100 2827 fictum
1122 2773 1143 2808 .-
1186 2752 1354 2810 aliter
1382 2751 1511 2819 alia,
1543 2769 1652 2807 nec
1679 2769 1750 2807 ea
1777 2748 2012 2826 quidem
2041 2767 2250 2826 pauca.
2333 2748 2490 2806 Illud
2516 2751 2658 2808 sane
2684 2769 2778 2810 ar-

314 2839 598 2904 gumento
626 2845 754 2886 esse
792 2837 1005 2904 potest,
1036 2829 1207 2906 quam
1240 2830 1339 2889 ille
1380 2847 1584 2909 parum
1613 2846 1882 2886 versuum
1925 2827 2132 2885 horum
2175 2827 2457 2885 rationem
2501 2829 2777 2900 tenuerit,

314 2904 477 2986 quod
507 2904 641 2963 cum
672 2905 932 2963 invenire
960 2925 1072 2963 non
1100 2920 1317 2984 posset,
1348 2926 1454 2968 cur
1482 2919 1636 2966 esset
1663 2906 1809 2966 illud
1836 2927 2005 2964 unam
2042 2905 2306 2964 additum
2347 2905 2382 2962 ὁ,
2423 2908 2616 2984 poeta,
2659 2926 2778 2965 non

314 2984 718 3123 copsiderarit,
747 3003 887 3042 num
916 2985 950 3041 a
976 3005 1146 3044 versu
1174 3007 1410 3066 quoque
1437 3000 1832 3066 respueretur,
1860 2985 2020 3066 quod
2045 3004 2162 3045 uon
2183 2983 2414 3044 admitti
2433 2985 2469 3040 ὰ
2485 2985 2780 3044 εεηῐειιῑίἰ

308 3081 367 3122 vi
412 3075 555 3123 eret.

390 3142 533 3212 Ubi,
566 3141 849 3204 Perculsit
876 3139 1027 3202 illico
1054 3143 1323 3210 animum,
1352 3154 1415 3202 at
1442 3155 1501 3202 at
1530 3146 1634 3204 hoe
1659 3145 1809 3204 illud
1831 3153 1933 3202 est.

392 3221 541 3312 Nos,
570 3232 737 3281 attat.
818 3221 986 3278 idem
1018 3231 1142 3277 erat
1170 3221 1456 3297 flagitium
1485 3223 1544 3276 in
1573 3223 1673 3278 illo
1702 3221 1998 3292 Eunuchi,
2027 3221 2143 3279 Sed
2165 3217 2293 3296 quis
2310 3219 2402 3278 hic
2427 3228 2528 3290 est,
2550 3218 2659 3280 buc
2679 3221 2780 3300 qui

303 3303 656 3432 perigdtghgpl.
669 3375 768 3431 illo
800 3374 1055 3454 Hecyrae
1084 3373 1365 3432 trimetro.
1440 3375 1696 3452 Oportet,
1719 3383 1844 3432 atat
1860 3395 2043 3433 eccum
2065 3374 2416 3454 Phidippum
2431 3387 2489 3436 et
2507 3386 2732 3454 patrem
2752 3400 2775 3436 .·

310 3453 372 3510 in
402 3471 520 3530 quo
546 3451 721 3509 tertio
746 3451 936 3510 fuerat
965 3453 1297 3531 interjectio
1326 3452 1667 3530 repetenda.

393 3531 535 3598 Ubi,
566 3527 689 3589 Pro
714 3551 889 3588 uxore
915 3531 1121 3590 habere
1146 3532 1293 3591 hanc
1314 3531 1676 3612 peregrinam
1695 3552 1718 3588 .·
1759 3550 1862 3608 ego
1889 3530 2039 3590 illud
2059 3529 2254 3592 sedulo

392 3609 631 3688 Negare
628 3611 885 3684 fictum.
968 3611 1054 3668 Ut
1084 3611 1344 3668 senarius
1372 3622 1624 3679 constet,
1656 3609 1868 3687 corripi
1897 3611 1956 3668 in
1981 3611 2146 3682 illud,
2176 3612 2362 3674 literae
2387 3611 2778 3683 detractione,

306 3687 561 3767 priorem
598 3686 723 3744 vult
765 3686 1059 3746 Erasmus.
1162 3689 1287 3748 Nos
1330 3689 1648 3768 legendum
1686 3701 1977 3767 putamus,
2008 3688 2131 3752 Pro
2172 3712 2345 3754 uxore
2383 3689 2591 3749 habere
2631 3690 2779 3749 hanc

302 3765 687 3844 peregrinam,
721 3763 813 3823 illi
838 3787 941 3845 ego
966 3765 1161 3824 sedulo
1191 3769 1425 3847 Negare
1437 3773 1676 3848 finctum
1700 3777 1800 3828 est.
1884 3771 1966 3827 At
2017 3790 2088 3829 ue
2115 3771 2196 3828 ita
2221 3768 2522 3846 scripsisse
2554 3768 2780 3826 Teren-

308 3843 477 3911 tium,
508 3841 618 3900 etsi
638 3841 835 3901 versiis
863 3844 1011 3902 ratio
1038 3863 1153 3901 non
1184 3845 1430 3919 diceret,
1460 3867 1538 3906 ex
1567 3867 1638 3906 eo
1667 3847 1827 3906 certe
1849 3789 2010 3925 quog
2029 3849 2313 3927 sequitur,
2333 3846 2432 3910 ille
2451 3848 2778 3925 ὑμέσι-[αο-

306 3931 447 3987 tum,
468 3919 737 3995 judicare
767 3932 831 3978 tu
858 3921 1093 4000 quidem
1124 3941 1347 3999 posses.

390 3997 531 4067 Ubi,
563 3997 721 4057 Satis
746 4000 1035 4059 vehemens
1061 4021 1231 4059 causa
1260 4004 1341 4060 ad
1361 4003 1796 4081 objurgandum.
1895 4003 2019 4062 SO.
2106 4003 2242 4072 Qut
2280 4004 2416 4064 eed6
2435 4005 2468 4062 ἓ
2547 4001 2660 4061 Sat
2685 4023 2778 4062 ve-

306 4077 529 4138 hemens
556 4075 868 4152 legendum
910 4079 1279 4155 putabamus,
1321 4099 1397 4136 ne
1436 4080 1724 4139 vehemens
1763 4081 1932 4140 fieret
1973 4080 2390 4157 dissyllabum:
2433 4081 2594 4170 quod
2637 4081 2780 4140 cum

306 4167 503 4216 tamen
530 4153 655 4212 fieri
682 4174 855 4232 posse
878 4157 1228 4227 videremus,
1272 4175 1450 4235 egere
1488 4157 1656 4214 locus
1695 4159 2016 4228 notatione,
2059 4175 2175 4216 non
2203 4160 2592 4240 castigatione
2619 4159 2778 4218 visus

308 4245 416 4295 est.

384 4313 527 4382 Ubi,
563 4311 650 4370 Ea
670 4310 920 4392 prinnina
947 4312 1019 4368 ab
1046 4309 1145 4368 illo
1174 4321 1259 4368 est
1283 4312 1789 4369 animadvertenda
1817 4313 2052 4392 injuria.

382 4391 513 4449 Nos
540 4390 623 4449 ita
648 4409 817 4449 versu
846 4388 1199 4467 postulante,
1236 4405 1431 4462 neque
1459 4388 1685 4446 minore
1727 4400 1921 4448 tamen
1947 4401 2274 4463 venustate,
2302 4395 2398 4452 Ea
2427 4391 2682 4471 primam
2703 4393 2778 4454 ab

302 4463 403 4524 illo
429 4468 929 4528 animadvertendo
958 4463 1175 4544 injuria
1192 4471 1294 4521 est.
1362 4466 1432 4522 In
1454 4463 1523 4522 iis
1546 4465 1708 4524 vides
1731 4467 2018 4540 omnibus,
2039 4470 2366 4529 admonitos
2393 4488 2499 4528 nos
2521 4472 2558 4526 ὁ,
2577 4489 2777 4542 versu,

304 4553 538 4612 secutos
592 4559 977 4615 venustatem,
1034 4559 1149 4600 non
1202 4542 1469 4600 turbasse
1514 4545 1903 4604 sententiam:
2003 4569 2207 4608 uorum
2243 4566 2349 4624 per
2383 4565 2452 4603 se
2487 4549 2778 4628 quodque

304 4614 529 4700 tantum
558 4625 715 4695 apud
742 4624 1003 4682 eruditos
1032 4621 1224 4679 valere
1252 4619 1447 4690 debet,
1494 4633 1560 4679 ut
1601 4635 1808 4683 contra
1845 4645 2102 4686 omnium
2143 4623 2568 4699 exemplarium
2603 4627 2778 4685 testi·

305 4701 498 4747 'noma
524 4699 706 4767 possit
730 4703 807 4760 ad
834 4698 1263 4762 emendandum
1290 4700 1485 4759 locum
1522 4699 1812 4764 sufficere.
1907 4705 2200 4764 Venustas
2237 4700 2396 4767 fecit,
2441 4713 2508 4759 ut
2547 4703 2630 4761 de
2669 4703 2774 4762 illo
