3067 4959
261 273 358 356 cvi
1147 281 1881 350 PROLEGOMENA

271 447 624 508 siderabant.
708 447 953 524 Semper
993 439 1150 504 enim
1185 460 1320 520 quie
1351 453 1578 502 morata
1610 453 1703 502 est
1740 441 1953 511 oratio,
1990 439 2060 531 τῇ
2106 437 2371 517 &scupis-a
2414 425 2751 506 fulcienda.

278 527 434 586 Nam
461 546 594 606 quoe
617 525 876 584 moribus
913 520 1338 600 affectibusque
1365 520 1723 590 destituitur,
1754 531 1905 580 teste
1942 518 2313 598 philosopho,
2340 533 2433 580 est
2458 525 2751 598 ἀνυπόκρι-

275 621 386 672 τος.
469 605 682 684 Neque
709 603 828 662 ulla
853 599 972 660 sere
999 600 1160 678 apud
1186 619 1320 658 eum
1349 600 1575 671 syllaba
1600 609 1790 667 extat,
1828 617 1963 676 quoe
1988 617 2105 657 non
2141 597 2325 656 animi
2362 612 2467 660 aut
2494 600 2747 662 affectus

279 683 528 762 alicujus
573 682 650 741 sit
695 680 892 739 index.
970 681 1107 740 Jam
1147 688 1216 737 ut
1241 677 1318 736 ad
1343 677 1593 755 lepores,
1621 677 1791 744 sales,
1818 677 2055 754 gratiss,
2082 687 2147 734 et
2176 689 2519 738 venustates
2544 681 2747 740 venia-

279 779 410 820 mus
434 786 451 829 ;
476 772 702 820 certum
729 768 839 826 est,
865 756 989 815 fere
1017 775 1219 816 omnes
1245 774 1348 814 eos
1375 755 1500 814 tolli
1526 755 1563 812 ὁ,
1587 755 1859 824 ridiculo,
1884 773 2003 814 non
2026 753 2199 814 secus
2268 755 2402 814 uam
2428 756 2491 815 in
2518 759 2639 818 vita
2666 761 2747 818 ab

279 857 532 898 excessu
571 855 796 896 morum
835 835 1040 903 virtus,
1077 836 1152 894 ab
1189 853 1440 893 excessu
1479 833 1813 912 apparatus,
1858 833 1919 890 in
1960 833 2139 892 scena
2178 775 2413 892 tdllitur
2450 834 2749 914 voluptas.

285 919 484 982 Quare
506 913 836 972 Menandro
853 932 926 972 ac
949 912 1231 972 Terentio
1247 911 1480 989 lepores
1498 911 1765 970 tribuunt
1784 911 2029 989 antiqui,
2048 910 2199 970 sales
2222 911 2435 972 Plauto
2460 914 2749 974 Horatius

285 993 594 1054 concedit:
623 1011 770 1071 quos
795 1009 1213 1070 nonnunquam
1239 990 1557 1049 inurbanus
1574 1009 1703 1050 esse
1724 1001 1905 1048 notat.
1986 988 2149 1048 Audi
2178 989 2559 1050 Patet-culum
2578 1014 2597 1052 t
2620 993 2751 1053 dul-

283 1091 481 1148 cesque
505 1071 714 1130 Latini
735 1069 944 1148 leporis
956 1070 1206 1148 ficetiae
1239 1089 1344 1148 per
1375 1066 1691 1138 Caecilium,
1724 1067 2161 1146 Terentiumque
2198 1076 2255 1126 et
2282 1070 2615 1147 Astanium,
2642 1071 2748 1130 sub

273 1149 418 1228 pari
439 1157 614 1208 atate
629 1147 970 1224 floruerunt.
1035 1147 1234 1206 Graeci
1256 1145 1500 1224 χάριτας
1525 1157 1586 1205 et
1612 1143 2033 1224 χαριεντισμὸς
2058 1157 2293 1204 vocant.
2360 1147 2751 1208 Remissiores

287 1237 423 1285 sunt
451 1226 629 1293 enim,
657 1225 830 1303 quam
873 1236 940 1284 ut
968 1225 1144 1284 risum
1173 1225 1460 1283 violenter
1497 1237 1804 1283 moveant:
1854 1223 2419 1299 circumspectiores,
2460 1227 2635 1303 quam
2678 1240 2748 1286 ut

285 1304 556 1382 frigeant.
588 1302 928 1363 Absurdum
947 1303 1099 1362 enim
1116 1322 1272 1381 sepe
1289 1321 1468 1362 causa
1483 1315 1573 1362 est
1592 1301 1758 1369 risus,
1772 1315 1874 1362 aut
1890 1301 2250 1360 inusitatum.
2308 1303 2533 1362 Contra
2544 1315 2746 1364 autem

289 1401 502 1452 sermo,
521 1382 696 1461 quiet
717 1381 962 1440 usitatus
979 1395 1042 1440 et
1057 1394 1336 1450 moratus,
1355 1381 1574 1459 quique
1590 1380 1799 1440 leniter
1814 1380 2097 1440 decorum
2116 1390 2328 1450 servat,
2349 1380 2505 1440 sicut
2524 1401 2599 1440 eo
2617 1383 2746 1460 ipso

289 1459 356 1521 fit
374 1472 654 1520 venustus
673 1472 732 1519 et
751 1460 1029 1530 delectat,
1051 1459 1135 1519 ita
1152 1459 1388 1538 quidam
1411 1459 1667 1518 eminere
1682 1459 1806 1534 joci
1828 1469 2090 1536 possunt.
2152 1457 2271 1523 Qui
2334 1459 2530 1518 uidem
2550 1460 2609 1518 in
2629 1461 2749 1520 hoc

295 1537 448 1598 Afro
479 1538 612 1604 (nisi
642 1538 828 1597 Laelio
855 1557 956 1598 eos
983 1537 1179 1616 potius
1205 1557 1278 1598 ac
1321 1537 1579 1615 Scipioni
1622 1536 1963 1596 tribuendos
1990 1535 2185 1613 putes)
2212 1547 2275 1598 et
2388 1538 2668 1608 euandro,
2694 1539 2748 1598 si

285 1615 572 1693 judicium
605 1616 838 1676 Horatii
865 1629 930 1675 et
951 1617 1322 1696 antiquorum
1345 1615 1665 1693 sequimur,
1686 1634 1763 1672 ex
1785 1614 1995 1672 eodem
2018 1612 2163 1682 sale,
2188 1613 2221 1670 ὲ
2240 1633 2362 1692 quo
2386 1626 2527 1676 nata
2548 1616 2748 1676 Venus

291 1707 402 1764 est.
428 1695 760 1822 depmmpg
787 1693 1320 1836 videntigzmfficce
1345 1691 1817 1820 staitimsAndria.
1898 1694 2041 1750 Act.
2072 1689 2147 1748 V.
2170 1693 2351 1752 scena
2377 1694 2575 1754 Mitte.

752 1789 840 1821 lvo
861 1789 900 1820 18
921 1789 977 1820 uc
1221 1789 1268 1820 m
1291 1789 1410 1836 11ςο
1612 1787 1705 1818 1)οΠ
1726 1777 1891 1834 Μ

551 1840 612 1888 Ρ.
657 1838 787 1893 Qui?
829 1840 874 1886 S.
895 1838 998 1899 quia
1017 1839 1149 1884 habet
1169 1837 1286 1884 aliud
1309 1838 1454 1900 magis
1475 1851 1533 1883 ex
1557 1851 1657 1883 sese
1676 1844 1723 1882 et
1743 1837 1903 1898 majus·
1948 1834 2013 1882 P.
2032 1833 2242 1896 quidnam
2258 1835 2283 1880 ?
2329 1837 2375 1884 S.
2402 1836 2583 1884 vinctus
2602 1844 2687 1886 est.

553 1903 614 1950 P.
647 1901 799 1958 Pater,
820 1917 913 1948 non
937 1899 1056 1949 recte
1076 1903 1256 1948 vinctus
1276 1910 1361 1948 est.
1424 1903 1470 1948 S.
1501 1901 1621 1947 haud
1642 1901 1703 1946 ita
1714 1900 1849 1962 jussi.

369 1967 504 2026 Jam
549 1965 924 2024 Gnathonem
967 1965 1121 2036 vide,
1175 1965 1275 2042 qui
1316 1963 1466 2022 cum·
1535 1962 1729 2022 utidos
1770 1961 2085 2020 Thfflonis
2120 1979 2312 2020 mores
2350 1963 2633 2022 Phaedriae
2676 1982 2749 2023 ac

297 2045 557 2104 Chaereae
583 2063 657 2102 ex
705 2044 972 2113 osuisset,
1001 2045 1208 2103 contra
1233 2054 1428 2101 autem
1458 2043 1494 2100 il
1521 2041 1539 2100 i
1566 2041 1966 2120 permunisset,
2008 2049 2069 2098 et
2099 2041 2223 2117 Jam
2263 2042 2478 2118 gratias
2517 2042 2752 2122 ineptus

291 2121 468 2181 homo
495 2141 566 2181 ac
591 2123 640 2180 ri
683 2122 872 2182 iculus
897 2122 1173 2182 haberet:

689 2203 804 2248 hene
823 2200 994 2247 fecisti:
1031 2201 1222 2262 gratiam
1245 2201 1386 2247 haheo
1407 2202 1667 2248 maximam.
1812 2237 1819 2246 .

553 2264 801 2324 Nunquam
821 2265 956 2310 etiam
977 2263 1042 2310 fui
1065 2277 1265 2324 usquam,
1289 2265 1394 2324 quin
1418 2280 1493 2310 me
1513 2278 1673 2311 omnes
1692 2269 1895 2311 amarent
1908 2259 2184 2326 plurimfimz

295 2326 615 2404 respondet
639 2326 715 2383 ad
743 2338 1056 2403 utrumque
1082 2344 1431 2384 conversus:

555 2401 716 2449 Dixin'
741 2420 829 2466 ego
849 2405 898 2450 in
921 2405 1008 2450 hoc
1027 2405 1175 2451 inesse
1196 2406 1323 2452 vobis
1345 2405 1549 2452 Atticam
1570 2405 1875 2467 elegantiam?

377 2467 556 2527 Certe
587 2476 709 2524 tota
734 2485 910 2524 scena
939 2468 1112 2524 tertia
1137 2468 1292 2526 tertii
1321 2469 1486 2528 actus
1514 2469 1574 2526 in
1604 2468 1912 2546 Adelphis,
1942 2467 1999 2526 in
2027 2469 2143 2546 qua
2162 2465 2432 2526 luditura
2450 2467 2603 2546 Syro
2622 2469 2752 2528 De·

297 2564 448 2616 mea,
477 2545 670 2602 divina
697 2555 804 2602 est.
885 2544 1096 2609 Qualia
1123 2545 1276 2603 enim
1307 2545 1436 2604 illa!

877 2647 1003 2657 ———
1018 2624 1126 2669 mihi
1149 2623 1325 2684 quidem
1351 2639 1442 2670 non
1467 2625 1655 2686 placent,
1688 2620 1699 2637 “

553 2685 620 2732 Et
641 2685 786 2732 clamo
809 2701 928 2748 saepe
941 2703 958 2744 ς
993 2687 1260 2736 salsamenta
1281 2688 1393 2744 haec,
1417 2689 1675 2752 stephanio,

555 2749 647 2797 Fac
669 2759 950 2798 macerentur
969 2749 1169 2814 pulchre.
2730 2801 2743 2810 ,

379 2813 563 2872 Plane
591 2814 744 2872 enim
772 2827 983 2890 praeter
1021 2815 1525 2894 exspectationem
1556 2815 1766 2875 omnia.
1863 2819 1999 2878 Jam
2040 2814 2179 2875 cum
2219 2816 2409 2876 Vetus
2451 2817 2755 2877 Comoedia

299 2891 437 2950 nihil
467 2893 634 2971 aeque
657 2911 728 2950 ac
754 2889 1030 2971 vroeyepia'av
1056 2905 1231 2962 amet,
1261 2915 1393 2973 quae
1420 2895 1765 2974 plerumque
1783 2908 1845 2955 et
1863 2898 2079 2956 acerba
2097 2907 2205 2964 est,
2234 2906 2296 2952 et
2322 2906 2495 2954 extra
2520 2913 2749 2954 scenam

299 2969 596 3050 quaeritur‚
623 2971 1034 3031 urbanissimus
1062 2971 1312 3031 virorum
1341 2975 1647 3044 rationem,
1676 2975 1793 3055 qua
1819 2995 1896 3034 ex
1925 2975 2157 3034 actione
2184 2973 2312 3052 ipsa
2336 2973 2751 3051 parodiam,le-

300 3050 495 3128 pidam
523 3051 662 3110 sane
691 3060 751 3108 et
779 3064 1099 3119 venustam,
1128 3063 1378 3132 peteret,
1409 3052 1648 3114 invenit.

379 3127 532 3187 Nam
559 3127 692 3186 cum
722 3129 950 3188 Demea
975 3130 1240 3202 dixisset,

1076 3211 1130 3256 fit
1151 3208 1322 3266 seduld,

553 3273 684 3321 Nihil
703 3275 1012 3336 pretermitto,
1033 3275 1344 3321 consuefacio:
1373 3275 1564 3338 denique

555 3337 797 3399 Inspicere,
821 3347 1029 3398 tanquam
1053 3338 1098 3384 in
1121 3340 1366 3400 speculum,
1387 3339 1434 3384 in
1458 3341 1573 3386 vitas
1596 3342 1795 3388 omnium

553 3401 588 3448 J
590 3403 716 3456 ubeo,
737 3410 874 3463 atque
893 3417 952 3448 ex
971 3401 1070 3448 aliis
1091 3413 1268 3449 sumere
1287 3402 1544 3464 exemplum
1566 3403 1662 3450 sibi.

558 3463 666 3511 Hoc
687 3464 832 3518 facito,

303 3527 383 3595 Et
410 3545 540 3604 quae
565 3541 924 3603 sequuntur;
951 3529 1264 3606 respondet
1297 3530 1509 3606 Syrus=

557 3603 805 3650 Conservis
825 3606 880 3651 ad
903 3607 1094 3653 eundem
1117 3607 1326 3669 praecipio
1349 3609 1546 3661 modum,

559 3667 668 3714 Hoc
690 3668 940 3730 salsum‚'st,
964 3671 1050 3717 hoc
1069 3671 1278 3717 adustum
1297 3673 1370 3724 ἐκ.
1393 3673 1478 3718 hoc
1500 3673 1673 3719 lautum
1690 3671 1749 3719 ’st
1770 3687 1940 3735 parum,

561 3731 682 3778 mud
703 3731 844 3780 recti:
883 3733 1045 3780 iterum
1069 3735 1134 3780 sic
1155 3743 1410 3782 memento:
1449 3733 1605 3782 seduld

559 3795 747 3850 Moneo,
801 3811 872 3844 use
891 3811 1091 3857 possum,
1113 3812 1196 3859 pro
1218 3795 1316 3844 mea
1337 3798 1567 3860 sapienti&

561 3857 770 3906 Posti-em
821 3869 1032 3926 tanquam
1054 3861 1102 3906 in
1125 3863 1354 3922 speculum
1377 3863 1423 3908 in
1444 3865 1633 3924 patinas,
1656 3863 1849 3919 Demea,

561 3921 790 3985 Inspicere
801 3925 964 3986 jubeo:
1002 3933 1050 3972 et
1070 3939 1248 3980 moneo,
1269 3925 1376 3987 quid
1397 3928 1518 3974 facto
1539 3943 1648 3975 usus
1670 3929 1744 3976 sit.

381 3987 476 4046 Ita
499 3987 641 4045 sane
670 3999 729 4044 et
758 3987 947 4056 Plato,
976 3999 1038 4045 et
1066 3989 1416 4067 Xenophon,
1446 4009 1766 4070 omnesque
1797 3989 2082 4051 Socratici
2100 3993 2379 4070 jocantur
2404 4014 2420 4052 ε
2460 4011 2753 4076 nunquam

298 4063 530 4143 frigide,
557 4082 852 4144 nunquam
883 4065 1178 4136 obscoene,
1207 4087 1502 4146 nunquam
1546 4069 1762 4148 inepte,
1791 4089 2089 4148 nunquam
2131 4071 2359 4148 putide.
2438 4073 2755 4132 Videamus

289 4151 412 4220 jam
441 4142 713 4202 Plautina
737 4143 1024 4222 quaedam.
1105 4147 1202 4205 Ac
1232 4143 1585 4206 Plutarchus
1610 4148 1845 4238 quidem
1874 4148 2019 4206 illud
2046 4159 2324 4226 tanquam
2359 4143 2640 4230 frigidum
2680 4169 2755 4208 ex

306 4222 714 4319 Aristophanis
741 4222 1358 4322 Thesmophoriazusis
1382 4225 1459 4284 de
1490 4225 1787 4307 Euripidis
1813 4237 1998 4286 matre
2023 4227 2286 4288 adducit.

547 4308 726 4413 ''2352‘’
743 4301 1544 4434 ἀΐὲίῗιςῖἓαὲἔυυωτῖὗῗὸἷῗμφώ.

379 4429 496 4490 cui
521 4428 685 4498 illud,
715 4429 978 4508 quamvis
1005 4450 1120 4488 non
1148 4431 1208 4488 in
1235 4433 1406 4491 simili
1433 4432 1669 4500 omnino
1694 4453 1931 4511 genere,
1959 4435 2241 4515 adjungas
2268 4435 2429 4507 licet,

559 4509 684 4556 Nam
705 4509 866 4557 mulier
881 4509 1030 4557 olitori
1053 4525 1278 4573 nunquam
1301 4513 1533 4574 supplicat,
1556 4514 1595 4560 si
1616 4529 1720 4574 quae
1740 4522 1811 4560 est
1828 4514 1970 4562 mala:

555 4573 700 4621 Domi
721 4575 854 4636 babet
873 4576 1054 4637 lior-mm
1075 4583 1122 4624 et
1141 4576 1428 4625 condimenta
1446 4577 1502 4625 ad
1525 4593 1685 4632 omnes
1704 4593 1854 4627 mores
1874 4579 2117 4628 maleficos.

365 4634 673 4716 §Rhetores
711 4637 1028 4718 θυμελικὸν,
1069 4639 1192 4700 sive
1233 4639 1541 4713 theatrale,
1588 4657 1884 4703 vocarent.
1986 4641 2322 4705 Ridiculum
2368 4640 2523 4699 enim
2564 4637 2755 4716 potitis

302 4712 476 4800 qnam
499 4713 769 4789 festiuum
798 4731 888 4779 est
902 4743 924 4791 3
963 4731 1026 4780 et
1045 4730 1120 4782 ut
1137 4717 1222 4780 sit
1245 4718 1541 4794 festivum,
1564 4742 1763 4796 nemo,
1790 4723 1932 4784 vere·
1954 4722 2013 4782 in
2050 4723 2139 4782 bis
2176 4721 2475 4789 subactus,
2514 4716 2753 4787 dixerit,
