3067 4959
443 329 624 400 xlviii
1325 320 2057 391 PRoLmoMENA

445 495 648 558 lectici
662 506 968 566 vocantur,
983 490 1142 570 iique
1156 486 1280 549 veri
1293 506 1526 569 semper
1544 488 1705 569 apud
1720 488 1885 551 hunc
1898 488 2205 549 authorem
2222 487 2637 561 suntiambici.
2682 494 2927 586 Injustoe

449 574 687 655 quidam
713 592 998 635 mensure
1023 580 1180 639 sunt,
1221 580 1283 627 et
1309 568 1350 627 ii
1377 587 1492 627 non
1519 588 1753 648 semper
1778 567 1899 628 veri
1928 580 2065 629 sunt
2092 568 2346 640 iambici,
2376 569 2481 629 sed
2510 581 2578 629 ut
2604 572 2929 650 plurimum

445 655 806 735 spondeum,
835 662 938 711 aut
965 648 1268 727 dactylum
1297 646 1502 706 ultima
1527 648 1671 707 sede
1692 646 2007 725 recipiunt,
2028 646 2425 729 dicunturque
2446 664 2784 711 scazontes.
2830 654 2928 712 In-

439 734 616 813 justae
655 743 850 792 autem
899 746 1027 787 esse
1066 745 1266 785 versus
1305 745 1593 785 mensum
1632 725 1819 787 modis
1858 726 2089 785 duobus
2128 726 2347 785 accidit
2369 748 2387 785 ι
2424 739 2530 787 aut
2556 728 2717 788 enim
2760 733 2925 809 justo

445 809 684 889 syllabae
723 809 974 867 minores
999 817 1158 877 sunt,
1185 816 1289 864 aut
1328 807 1612 895 majores:
1652 805 1733 863 illi
1762 803 2117 873 catalectici,
2146 804 2207 861 hi
2232 804 2759 882 hypercatalectici
2788 820 2928 869 sunt

447 886 744 945 nominati.
802 884 1079 951 Dimetri,
1109 894 1176 943 ut
1203 882 1368 941 multi
1385 894 1502 941 sint
1517 882 1869 953 catalectici,
1894 884 1975 941 ita
1996 882 2136 941 nulli
2160 882 2685 961 hypercatalectici
2704 888 2927 966 reperi-

446 976 645 1023 untur.
689 965 867 1023 Nunc
885 960 1189 1030 trochaici,
1207 972 1310 1021 aut
1329 960 1561 1019 dimetri
1574 974 1731 1030 sunt,
1750 975 1851 1020 aut
1870 960 2214 1030 tetrametri,
2232 962 2563 1023 catalectici
2582 984 2675 1021 om
2684 984 2813 1035 nes,
2836 968 2926 1026 vel

443 1042 480 1099 h
527 1042 982 1121 percatalectici,
1003 1052 1064 1099 et
1087 1040 1126 1097 ii
1143 1039 1428 1099 octonarii
1445 1061 1463 1097 ε
1505 1041 1651 1097 nulli
1664 1040 1951 1120 siquidem
1974 1040 2203 1098 dimetri
2222 1040 2748 1119 hypercatalectici
2765 1058 2923 1105 sunt.

446 1062 636 1181 »limis
675 1120 842 1180 fuere
871 1118 1155 1198 ingeniosi
1196 1118 1296 1194 qui
1339 1116 1607 1177 denarios
1633 1136 1833 1177 versus
1876 1116 1931 1175 in
1976 1117 2257 1177 Terentio
2284 1130 2421 1177 sunt
2448 1122 2791 1191 commenti,
2822 1124 2923 1201 qui

521 1210 844 1259 ntametros
861 1197 1114 1265 iambic„
1137 1196 1236 1275 qui
1259 1196 1536 1255 dimetros
1552 1196 1920 1255 redundante
1936 1194 2110 1273 pede,
2128 1197 2227 1275 qui
2250 1196 2281 1253 ὲ
2304 1196 2529 1257 cretico
2551 1218 2668 1257 uno
2686 1220 2919 1260 versum

440 1218 864 1345 Etevissimum,
877 1276 976 1355 qui
993 1275 1244 1335 creticos
1263 1274 1318 1331 in
1337 1272 1549 1353 quibus
1572 1294 1678 1353 pro
1696 1274 1917 1333 cretico
1937 1286 2253 1351 poneretur
2269 1275 2573 1345 molossus,
2593 1293 2919 1355 poneretur

441 1368 506 1415 et
531 1356 776 1425 iambus,
796 1356 896 1435 qui
924 1367 986 1413 et
1005 1352 1262 1413 senarios
1287 1351 1567 1425 iambicos
1597 1352 2077 1430 hypercatalect„
2107 1352 2206 1432 qui
2236 1364 2497 1413 monstra
2520 1354 2621 1412 illa
2642 1376 2919 1417 versuum

441 1432 476 1491 δ
503 1434 816 1494 trochaicis
841 1444 904 1493 et
929 1430 1135 1491 iambis
1161 1428 1438 1489 conflata.
1506 1430 1692 1489 Porro
1720 1449 1832 1490 nec
1850 1431 1923 1489 ab
1952 1430 2217 1490 iambicis
2239 1432 2315 1490 ad
2332 1432 2687 1503 trochaicus,
2710 1454 2827 1495 nec
2842 1438 2915 1495 ab

441 1510 514 1571 iis
538 1512 614 1571 ad
641 1512 770 1571 illos
795 1510 1004 1571 transit
1029 1512 1226 1588 poe'ta,
1257 1508 1364 1568 nisi
1399 1506 1565 1587 (quae
1591 1520 1760 1568 vetus
1787 1508 2095 1569 doctorum
2121 1508 2237 1569 fuit
2274 1511 2492 1589 opinio,
2531 1511 2712 1590 longo
2746 1514 2787 1573 d
2824 1509 2955 1573 me*

439 1589 745 1650 intervallo
773 1588 1073 1662 renovata)
1101 1605 1194 1647 res
1223 1586 1282 1644 id
1309 1598 1414 1644 aut
1432 1587 1711 1665 postulet,
1734 1600 1835 1647 aut
1866 1588 2027 1645 certe
2048 1586 2217 1649 ferat.
2300 1589 2615 1657 Quomodo
2630 1603 2831 1650 autem
2856 1592 2918 1651 id

438 1686 536 1727 res
561 1680 664 1727 aut
689 1667 968 1747 postulet,
997 1680 1100 1725 aut
1125 1664 1298 1730 ferat,
1325 1664 1444 1725 suis
1470 1665 1617 1725 locis
1642 1665 1705 1723 in
1730 1665 1800 1723 iis
1826 1666 2260 1725 commentariis
2286 1668 2647 1737 docebimus,
2676 1688 2830 1747 quos
2856 1670 2915 1728 in

439 1744 784 1806 Terentium
805 1764 1093 1825 paramus.
1173 1743 1322 1807 Quoe
1347 1746 1657 1821 poetarum
1684 1761 1847 1803 more
1873 1743 2055 1805 licere
2080 1744 2192 1805 sihi
2217 1746 2401 1805 voluit
2423 1746 2758 1816 Terentius,
2780 1768 2915 1827 qum

433 1824 678 1903 quidem
703 1844 894 1904 pauca
917 1835 1076 1891 sunt,
1103 1822 1232 1879 haec
1259 1821 1685 1883 animadvertit
1724 1821 1785 1879 in
1814 1841 1989 1883 unam
2016 1823 2312 1883 contrahit
2356 1824 2659 1902 syllabam,
2702 1846 2909 1895 meum,

434 1911 588 1970 inus,
612 1925 765 1973 suus,
801 1904 959 1973 dem,
987 1902 1172 1968 deum,
1211 1900 1364 1969 deos,
1405 1901 1552 1971 deae,
1584 1901 1771 1979 prior,
1811 1921 1977 1978 puer,
2025 1902 2131 1971 rei,
2166 1901 2291 1970 elno,
2306 1904 2463 1981 suit,
2491 1923 2557 1962 ea
2584 1928 2607 1963 .-
2666 1902 2725 1961 in
2764 1904 2913 1963 duas

433 1982 652 2052 eadem,
679 1983 889 2052 eodm,
923 1982 1166 2040 duarum
1188 1998 1209 2034 .-
1255 1978 1518 2037 dissolvit
1542 1982 1677 2057 jam
1702 1978 1761 2035 in
1790 1979 2043 2055 syllabas
2070 1979 2235 2049 duas,
2264 1980 2323 2038 in
2352 1993 2470 2041 tres
2497 1980 2650 2051 verb,
2677 1980 2737 2039 in
2766 2002 2912 2061 qua-

431 2068 571 2118 tuor
595 2060 685 2120 vir
735 2062 892 2130 hem,
919 2058 978 2117 in
1007 2058 1266 2137 quinque
1291 2058 1583 2137 ejusmodi.
1663 2058 2016 2129 Redducere,
2054 2059 2377 2127 adductus.
2421 2058 2697 2139 relliquias
2724 2061 2911 2138 gemi-

435 2139 579 2197 nata
603 2082 772 2197 efffizt
799 2148 1181 2197 consonante.
1265 2134 1547 2204 Literam,
1576 2154 1709 2213 quae
1754 2134 1813 2193 in
1854 2136 2097 2214 optimus
2137 2149 2405 2196 extrema
2444 2150 2553 2207 est,
2595 2137 2749 2197 tollit
2790 2138 2915 2199 fre·

433 2213 812 2291 quentissime
833 2236 851 2272 ε
891 2214 1158 2273 extrema
1183 2211 1393 2289 prioris
1417 2216 1621 2271 versus
1648 2214 1837 2273 vocali
1864 2226 1954 2273 est
1978 2214 2115 2273 cum
2134 2214 2211 2272 ad
2232 2214 2625 2274 inchoandum
2652 2235 2909 2295 sequen-

375 2354 388 2369 ,
433 2300 555 2349 tem
585 2302 819 2350 utatur:
861 2302 951 2349 est
979 2291 1135 2359 cum,
1163 2290 1211 2347 si
1239 2288 1390 2347 forte
1425 2291 1644 2351 vocalis
1671 2291 1767 2362 sit,
1810 2291 1847 2350 a
1872 2291 2066 2351 vocali
2110 2310 2241 2368 quae
2285 2306 2629 2367 sequentem
2669 2294 2911 2353 inchoat

431 2386 686 2440 versum,
716 2368 856 2427 elidi
879 2368 1040 2438 velit,
1069 2366 1561 2447 quemadmodum
1604 2390 1738 2449 quae
1778 2379 2118 2448 sequentem
2166 2366 2422 2435 inchoat,
2462 2369 2537 2426 ab
2564 2372 2637 2425 ea
2672 2372 2908 2431 interim

432 2446 760 2505 absumitur
782 2446 971 2507 vocali
1000 2466 1131 2525 quie
1157 2445 1587 2525 precedentem
1618 2448 1860 2507 claudit.
1941 2447 2057 2504 Hae
2093 2443 2319 2523 judicio
2347 2457 2547 2505 nostro
2582 2460 2749 2519 sunt,
2778 2470 2909 2529 que

430 2522 514 2582 de
559 2524 820 2585 versibus
867 2524 1234 2585 Terentianis
1287 2535 1351 2585 et
1401 2526 1649 2606 praecipi
1675 2526 2006 2585 debuerunt
2044 2522 2396 2596 necessario,
2428 2535 2491 2584 et
2516 2525 2654 2584 vere
2692 2540 2909 2606 potue·

431 2612 590 2663 runt.

1077 2796 1198 2858 DE
1237 2796 1500 2859 LUDIS
1548 2792 2243 2857 MEGALENSIBUS.

509 2897 628 2957 DE
656 2896 844 2959 Ludis
870 2898 1312 2979 Megalensibus
1340 2901 1481 2981 quia
1505 2898 1651 2961 certi
1692 2898 1836 2957 nihil
1863 2898 2020 2977 apud
2048 2899 2325 2959 authores
2353 2900 2740 2978 reperiebam,
2780 2920 2905 2963 nou

423 2976 534 3037 abs
559 2996 626 3037 re
649 2977 872 3057 putavi,
901 2998 1032 3059 qum
1056 2980 1338 3059 colligere
1377 2980 1502 3059 ipse
1548 2978 1735 3058 potui,
1778 2978 1838 3037 in
1878 2978 2135 3038 medium
2188 2978 2413 3039 afferre.
2496 2977 2905 3058 Μεγαλησίους

425 3073 672 3135 magnos
711 3056 832 3117 dici
855 3058 896 3117 ἃ
919 3058 1148 3119 Grecis
1171 3060 1316 3121 deos
1341 3060 1556 3120 author
1582 3070 1674 3119 est
1702 3059 2011 3119 Donatus:
2058 3057 2202 3127 σιόυς
2224 3058 2377 3119 enim
2406 3058 2609 3119 AEoles
2634 3058 2779 3118 deos
2800 3078 2903 3117 vo-

420 3147 604 3194 cant:
661 3136 818 3197 unde
867 3137 1119 3217 Sibyllae
1165 3139 1282 3199 dici
1307 3140 1434 3199 vult
1477 3138 1721 3199 Aristo:
1783 3138 1949 3219 qudd
1992 3138 2235 3198 deorum
2278 3148 2505 3197 mentes
2542 3133 2902 3215 consiliaqoe
2998 3162 3013 3171 ·

425 3214 804 3293 perspiciant.
881 3217 1138 3295 Magnos
1164 3218 1306 3277 vero
1349 3216 1492 3275 deos
1539 3215 1828 3295 intelligo,
1868 3236 2017 3295 quos
2044 3218 2343 3297 Majorum
2374 3214 2653 3277 Gentium
2686 3214 2899 3275 Cicero

423 3306 620 3365 vocat,
689 3294 750 3353 ui
775 3295 812 3354 a
837 3296 1008 3354 terris
1029 3296 1086 3352 in
1109 3295 1324 3353 coelum
1351 3312 1467 3353 non
1495 3312 1858 3369 pervenere:
1906 3295 2052 3353 tales
2076 3295 2440 3355 habebantur
2456 3292 2712 3371 Jupiter,
2738 3293 2902 3371 Nep-

421 3381 624 3444 tunus,
649 3316 945 3441 {minen-va,
974 3375 1153 3432 Juno.
1233 3374 1323 3429 At
1349 3389 1424 3429 ne
1465 3388 1543 3429 ue
1570 3372 1797 3447 magnis
1816 3371 2084 3429 omnibus
2112 3372 2242 3441 diis,
2270 3373 2375 3432 sed
2393 3370 2623 3432 tantum
2643 3370 2901 3431 coelesti-

421 3450 536 3509 bus
563 3464 731 3511 erant
754 3452 818 3509 hi
843 3451 966 3510 ludi
995 3449 1338 3508 consecrati.
1491 3464 1555 3503 os
1583 3465 1711 3504 esse
1732 3466 1881 3525 quos
1920 3448 2219 3507 Romanos
2244 3450 2476 3509 interim
2506 3450 2771 3509 videmus
2798 3469 2902 3529 ap-

423 3529 694 3607 pellatos,
723 3548 801 3589 ex
827 3548 899 3587 eo
927 3526 1160 3604 colligo,
1191 3525 1351 3603 quod
1380 3522 1677 3582 Asconius
1702 3525 1925 3593 scribit,
1960 3525 2257 3586 Romanos
2280 3528 2449 3586 ludos
2468 3547 2713 3607 magnos
2752 3548 2901 3607 quo-

421 3626 543 3685 que
570 3606 870 3685 appellari,
945 3604 1062 3695 uod
1085 3622 1178 3661 ma
1223 3602 1311 3693 nis
1336 3600 1448 3659 diis
1475 3613 1644 3659 erant
1670 3600 1961 3694 instituti:
1988 3683 2001 3694 ι
2046 3622 2151 3663 uos
2179 3605 2416 3663 eosdem
2446 3607 2758 3665 Circenses
2776 3606 2899 3667 dic·

421 3680 1230 3839 lgdguffltegaltdgsgjldltndos
1245 3678 2499 3836 ¹133:ae’hgggaegifdriffimuszwetixtdgiceggi's
2510 3684 2895 3822 agnffgtizgdeledzd

426 3838 782 3914 Aruspicum
821 3836 1112 3915 responsis
1149 3837 1351 3915 aperte
1397 3835 1746 3913 colligimus,
1787 3838 1887 3896 ubi
1914 3836 2243 3916 Megalesia
2269 3835 2715 3913 Megalensibus
2740 3840 2894 3901 cele-

421 3914 579 3972 brari
601 3914 760 3973 dicit.
801 3916 1002 3975 Verba
1025 3916 1112 3975 sic
1137 3915 1394 3976 habent}
1439 3922 1478 3951 “
1503 3916 1657 3976 Nam
1678 3916 1823 3994 quid
1852 3934 1965 3995 ego
1992 3914 2066 3974 de
2092 3914 2204 3975 illis
2230 3913 2383 3973 ludis
2408 3914 2641 3993 loquar,
2667 3938 2816 3998 quos
2836 3919 2895 3976 in

421 3989 642 4070 palatio
667 3994 850 4052 nostri
877 4000 1122 4071 majores
1152 4006 1290 4055 ante
1317 4006 1434 4055 tem
1479 3996 1600 4054 lum
1627 3993 1687 4051 in
1716 3994 1844 4074 ipso
1882 3994 2095 4053 Matris
2135 3994 2377 4071 Magnae
2404 4008 2725 4073 conspectu
2756 3997 2895 4058 Me-

423 4068 758 4149 galensibus
783 4071 910 4132 fieri
937 4073 1338 4154 celebrarique
1357 4094 1432 4133 vo
1455 4084 1671 4133 uerunt
1691 4073 1721 4131 i>
1761 4072 1863 4154 qui
1882 4084 2021 4133 sunt
2036 4091 2197 4132 more
2216 4072 2616 4154 institutisque
2634 4075 2894 4135 maxime

423 4149 592 4217 casti,
621 4150 908 4223 solennes,
953 4152 1228 4231 religiosi,
1273 4153 1486 4232 quibus
1529 4151 1684 4211 ludis
1724 4152 1979 4231 primum
2022 4162 2160 4211 ante
2200 4170 2279 4230 po
2323 4151 2403 4209 uli
2434 4172 2771 4212 consessum
2798 4174 2895 4213 se·

401 4228 584 4295 ,nutui
615 4231 681 4289 P.
713 4231 1029 4292 Africanus
1056 4230 1267 4292 iterum
1289 4233 1494 4291 consul
1521 4231 1621 4289 ille
1648 4236 1830 4307 major
1857 4229 2041 4301 dedit,
2072 4242 2138 4289 ut
2158 4248 2260 4290 eos
2307 4230 2455 4291 udos
2478 4231 2607 4290 haec
2632 4231 2759 4291 lues
2786 4231 2899 4291 im-

421 4326 573 4387 pura
605 4310 926 4389 pollueret:
971 4312 1092 4390 qud
1121 4311 1169 4371 si
1196 4310 1327 4391 quis
1353 4310 1503 4371 liber
1528 4320 1632 4369 aut
1672 4308 2001 4386 spectandi,
2044 4319 2146 4368 aut
2174 4310 2352 4369 etiam
2380 4309 2675 4389 religionis
2714 4314 2901 4371 causa

419 4402 772 4460 accesserat,
808 4409 1014 4449 manus
1052 4390 1500 4450 adferebantur:
1543 4388 1662 4467 quo
1691 4399 1958 4447 matrona
1982 4387 2145 4447 nulla
2168 4387 2313 4448 adiit
2337 4400 2580 4467 propter
2604 4388 2720 4446 vim
2748 4407 2897 4447 con-

421 4486 764 4551 sessumque
791 4488 1109 4529 servorum.
1187 4470 1284 4527 Ita
1309 4467 1480 4527 ludos
1507 4486 1611 4527 eos
1638 4485 1889 4545 quorum
1917 4466 2126 4545 religio
2153 4479 2315 4527 tanta
2335 4480 2447 4537 est,
2476 4478 2541 4525 ut
2568 4484 2644 4525 ex
2674 4465 2897 4527 ultimis

421 4548 593 4609 terris
619 4549 904 4610 accersita
927 4550 987 4608 in
1015 4548 1128 4607 hac
1151 4549 1297 4607 urbe
1323 4546 1677 4617 consederit,
1705 4544 1807 4625 qui
1834 4557 1897 4607 et
1924 4546 2025 4606 uni
2062 4544 2189 4605 ludi
2214 4563 2290 4605 ne
2316 4545 2496 4604 verbo
2521 4543 2759 4623 quidem
2788 4566 2897 4625 ap-

501 4624 716 4687 llantur
739 4628 976 4701 Latino,
1019 4638 1088 4687 ut
1111 4624 1400 4687 vocabulo
1441 4626 1590 4707 ipso,
1634 4637 1697 4687 et
1732 4645 1808 4707 ap
1852 4625 1998 4687 etita
2042 4623 2249 4715 religio
2288 4634 2555 4694 externa,
2583 4635 2645 4683 et
2673 4622 2894 4684 Matris

421 4640 664 4779 Magnae
698 4707 930 4767 nomine
957 4714 1235 4787 suscepta
1267 4704 1603 4795 declaretur
1621 4730 1640 4769 ε
1680 4705 1789 4768 hos
1810 4646 1989 4768 ludo·
2026 4721 2180 4767 servi
2220 4701 2512 4777 fecerunt,
2538 4700 2691 4763 servi
2716 4719 2892 4780 spec-
