3067 4959
1156 344 1797 413 TERENTIANA.
2396 350 2409 365 ‘
2568 355 2706 420 xlix

219 504 521 586 taverunt,
549 524 680 575 tota
707 506 964 593 denique
1002 508 1118 571 boc
1159 508 1322 570 aedili
1365 528 1665 571 servorum
1692 510 2021 591 Megalesia
2044 512 2339 575 fuerunt?
2422 514 2707 578 Extrema

215 596 351 654 haec
379 596 564 653 verba
591 592 892 652 declarant
919 591 1048 649 illos
1068 589 1259 659 ludos,
1283 610 1430 668 quos
1451 590 1895 669 Megalensibus
1922 591 1980 647 in
2002 591 2221 670 palatio
2249 593 2307 651 in
2336 594 2463 671 ipso
2494 596 2705 656 Matris

219 674 338 732 Ma
381 692 474 731 nae
503 682 824 749 conspectu
853 670 978 728 fieri
1012 668 1246 727 dicebat
1273 668 1460 737 initio,
1504 688 1633 727 esse
1666 668 2027 745 Megalesia:
2068 690 2201 730 nam
2232 682 2293 730 et
2320 672 2521 732 Livius
2560 674 2704 733 scri-

213 753 313 812 bit
340 696 435 811 ῗα.
465 754 608 812 Jun.
639 752 882 809 Brutum
909 748 1095 807 aedem
1126 746 1366 823 Magnae
1389 746 1571 805 Matri
1599 746 1775 806 deum
1796 746 1851 803 in
1872 748 2085 824 palatio
2108 748 2429 820 dedicasse,
2454 764 2513 810 et
2535 752 2705 812 ludos

217 832 304 890 ob
336 849 466 889 eam
497 828 922 888 dedicationem
945 827 1154 893 factos,
1181 825 1506 901 Megalesia
1535 824 1879 903 appellasse.
1960 826 2339 905 Megalenses
2364 830 2541 905 porrd
2558 830 2703 902 ludi,

217 910 352 969 sive
383 908 656 975 Romani,
683 910 804 966 sive
833 904 1064 983 Magni,
1089 904 1210 962 sive
1253 904 1582 972 Circenses,
1629 905 1738 962 sub
1785 903 2021 979 regibus
2068 906 2235 964 fuere
2278 908 2565 967 instituti:
2606 908 2706 967 fie-

215 989 494 1065 bantque
519 988 628 1046 sub
655 985 881 1043 initium
926 982 1138 1041 mensis
1183 981 1582 1060 Septembris:
1622 981 1909 1040 durabant
1938 994 2131 1043 autem
2160 1004 2275 1042 non
2306 984 2547 1062 amplius
2574 987 2703 1045 dies

216 1085 466 1125 noveru.
546 1064 758 1125 Cicero
785 1063 844 1120 in
871 1061 1104 1120 actione
1145 1060 1325 1137 prima
1365 1058 1420 1116 in
1450 1058 1697 1118 Verrem
1724 1082 1737 1118 :
1785 1066 1824 1093 ‘⁸
1847 1060 2034 1119 Nonae
2058 1074 2195 1121 sunt
2220 1063 2395 1123 hodie
2426 1063 2703 1134 Sextiles,

216 1144 376 1204 hora
401 1146 556 1203 nond
582 1140 896 1201 convenire
923 1138 1214 1229 coepistis:
1256 1138 1414 1197 hunc
1435 1138 1589 1195 diem
1612 1141 1733 1215 jam
1752 1157 1827 1197 ne
1843 1152 2151 1199 numerant
2178 1142 2412 1220 quidem
2436 1163 2453 1199 :
2492 1143 2701 1201 decem

219 1223 354 1281 dies
379 1233 521 1281 sunt
543 1233 681 1280 ante
707 1219 880 1278 ludos
907 1230 1153 1287 votivos,
1237 1234 1342 1274 uos
1375 1216 1486 1276 Cn.
1517 1215 1833 1295 Pompeius
1870 1216 2137 1277 facturus
2180 1230 2303 1279 est:
2348 1219 2389 1277 ii
2416 1219 2537 1278 ludi
2578 1220 2705 1279 dies

265 1300 562 1360 uindecirn
592 1298 901 1357 auferent:
943 1293 1156 1355 deinde
1243 1292 1436 1351 omani
1465 1294 1745 1353 continu&
1772 1308 2242 1374 consequentur:
2278 1297 2361 1357 ita
2388 1299 2573 1377 prope
2600 1317 2703 1357 ιι..

219 1322 438 1438 diebus
465 1376 842 1467 interpositis,
869 1386 996 1433 tum
1027 1372 1282 1450 denique
1309 1391 1372 1430 se
1399 1372 1474 1430 ad
1495 1390 1570 1430 ea
1588 1392 1721 1450 quae
1746 1373 1781 1429 a
1810 1373 1977 1431 nobis
1992 1374 2153 1435 dicta
2172 1388 2364 1447 erunt,
2394 1396 2705 1457 responsu-

216 1476 325 1515 ros
353 1475 484 1515 esse
512 1452 920 1514 arbitrantur?
1000 1454 1270 1517 Quorum
1307 1448 1532 1509 dierum
1560 1450 1609 1507 si
1638 1450 1769 1528 quis
1808 1452 2091 1511 rationem
2138 1454 2449 1523 subducat,
2486 1468 2549 1514 et
2592 1457 2703 1515 sub

217 1533 456 1593 initium
491 1532 850 1613 Septembris
879 1528 1094 1589 cadere
1119 1530 1292 1587 ludos
1333 1529 1656 1600 Romanos,
1684 1541 1747 1588 et
1788 1548 1901 1587 non
1932 1532 2183 1610 amplius
2210 1552 2417 1591 novem
2441 1532 2565 1593 dies
2592 1534 2703 1593 du·

219 1616 386 1672 rasse
413 1611 836 1691 deprehendet.
877 1608 976 1669 De
996 1608 1064 1667 iis
1085 1607 1238 1667 ludis
1271 1606 1552 1666 Romanis
1580 1606 1661 1666 ita
1682 1606 1897 1667 Cicero
1922 1609 2071 1668 libro
2088 1611 2295 1690 quinto
2322 1609 2381 1669 in
2409 1611 2695 1670 Verrem:

219 1698 266 1727 ‘⁶
301 1692 477 1750 Nunc
501 1710 630 1750 sum
659 1689 1000 1767 designatus
1025 1686 1228 1756 aedilis,
1251 1686 1442 1745 habeo
1459 1684 1741 1745 rationem
1768 1685 1909 1764 quid
1938 1687 1975 1743 a
2000 1690 2221 1767 populo
2246 1690 2513 1747 Romano
2532 1708 2705 1749 acce-

217 1769 434 1849 perim,
461 1768 604 1827 mihi
630 1768 802 1826 ludos
827 1764 1222 1825 sanctissimos
1247 1763 1507 1822 maxima
1531 1782 1667 1821 cum
1696 1766 2027 1823 ceremonia
2054 1766 2277 1835 Cereri,
2306 1767 2559 1837 Libere,
2600 1768 2706 1825 Li-

221 1850 494 1926 beroque
521 1845 842 1913 faciendos,
871 1842 1010 1901 mihi
1039 1842 1270 1901 Floram
1299 1854 1543 1900 matrem
1568 1842 1787 1919 populo
1813 1843 2089 1921 plebique
2111 1846 2409 1912 Romane,
2432 1845 2705 1904 ludorum

224 1926 580 1985 celebritate
606 1922 973 2002 placandam,
1001 1920 1142 1978 mihi
1161 1920 1330 1979 ludos
1357 1919 1809 2009 antiquissimos,
1837 1921 1937 2000 qui
1964 1921 2134 1999 primi
2167 1922 2416 1980 Romani
2438 1938 2579 1981 sunt
2602 1942 2679 2001 ap

223 2002 458 2083 pellati,
487 2003 742 2059 maxima
778 2018 910 2059 cum
940 1998 1224 2075 dignitate
1249 2018 1320 2057 ac
1349 1997 1633 2075 religione
1672 1998 1827 2065 Jovi,
1863 2000 2105 2068 Junoni,
2154 2000 2551 2078 Minervaeque
2576 2020 2705 2059 esse

221 2080 565 2147 faciundos,
586 2079 726 2135 mibi
753 2096 1047 2135 sacrarum
1075 2076 1284 2133 aedium
1309 2077 1843 2154 procurationem,”
1860 2082 1967 2135 Orc.
2028 2080 2163 2143 Quo
2180 2080 2313 2137 loco
2330 2077 2707 2154 Megalenses

221 2158 408 2217 ludos
439 2176 554 2215 non
583 2156 886 2222 omisisset,
931 2173 1078 2233 quos
1122 2154 1318 2212 aediles
1361 2157 1589 2213 summa
1633 2153 1915 2231 religione
1964 2167 2024 2214 et
2064 2156 2350 2233 dignitate
2386 2156 2703 2227 faciebant,

223 2237 343 2295 nisi
375 2234 550 2294 iidem
579 2248 638 2293 et
667 2234 1040 2311 Megalenses
1079 2232 1202 2291 ludi
1241 2232 1486 2292 fuissent
1529 2245 1591 2291 et
1636 2231 1905 2292 Romani.
1989 2234 2127 2294 Hac
2162 2248 2356 2295 tamen
2386 2237 2515 2294 toti
2538 2236 2615 2295 de
2640 2254 2707 2294 re

225 2324 630 2375 asseveranter
656 2312 880 2371 dictum
909 2311 1050 2369 nihil
1081 2311 1273 2370 velim.

685 2498 806 2560 DE
847 2494 1102 2559 TIBIIS
1147 2488 1522 2553 PARIBUS
1570 2490 1682 2551 ET
1724 2490 2224 2560 IMPARIBUS.

303 2594 576 2655 Cnosos
605 2597 680 2655 ad
705 2592 1154 2674 distinguendos
1181 2590 1350 2649 ac'tus
1385 2586 1751 2647 adhibebant
1795 2590 1993 2653 Graeci
2033 2602 2245 2673 poetae,
2292 2592 2491 2655 Latini
2534 2592 2704 2654 tibias

221 2672 565 2745 adhibuere,
591 2675 652 2732 in
681 2674 844 2753 gravi
874 2668 1166 2733 comoedia
1192 2667 1450 2737 dextras,
1479 2666 1539 2724 in
1560 2666 1673 2725 levi
1694 2668 1983 2741 sinistras:
2024 2693 2204 2753 quare
2226 2692 2463 2751 gravem
2490 2692 2703 2732 sonum

219 2750 472 2822 dextrae,
499 2765 739 2812 acutum
767 2752 1014 2811 sinistrae
1055 2745 1426 2816 emittebant,
1453 2748 1518 2803 u‘t
1544 2764 1690 2805 sono
1730 2751 2036 2810 comoediae
2062 2753 2154 2811 vel
2195 2752 2417 2811 levitati
2454 2749 2544 2811 vel
2574 2768 2707 2828 gra-

97 2886 106 2899 „
219 2828 387 2889 vitati
417 2833 858 2910 responderent.
939 2826 1118 2897 Quod
1149 2836 1214 2883 ut
1254 2822 1426 2881 fieret
1473 2825 1860 2897 commodius,
1901 2831 2151 2909 impares
2191 2830 2412 2889 fiebant
2451 2828 2700 2897 dextrae,

221 2906 340 2967 hoc
367 2922 480 2979 est,
509 2909 688 2969 unico
723 2910 1030 2977 foramine,
1072 2903 1326 2964 sinistra:
1371 2920 1543 2979 pares
1586 2914 1649 2961 et
1693 2905 1964 2981 geminae,
2008 2920 2074 2967 ut
2112 2907 2249 2967 cum
2291 2907 2521 2966 duobus
2547 2906 2703 2965 fora-

219 2986 480 3045 minibus
509 2987 700 3045 exiret
727 3008 920 3059 sonus,
967 2986 1302 3049 distractus,
1332 2992 1392 3039 et
1420 2979 1727 3051 dissectuS,
1767 2986 1996 3043 acutior
2033 2987 2107 3045 ad
2144 3001 2313 3045 aures
2352 2985 2703 3063 perveniret.

227 3063 530 3123 Adhiberi
554 3076 816 3144 utroeque
840 3066 1128 3131 solebant,
1155 3058 1291 3119 cum
1322 3058 1510 3119 mixta
1535 3060 1570 3119 ὲ
1598 3079 1819 3139 genere
1844 3075 2095 3142 utroque
2122 3076 2251 3122 erat
2278 3062 2587 3122 comoedia.

897 3290 1432 3369 ANTONIUS
1489 3290 2047 3367 GOVEANUS

703 3414 824 3474 Ex
892 3415 1140 3479 INSC
1167 3416 1681 3477 RIPTIONE
1753 3414 2215 3476 ANDRIAE.

817 3518 976 3581 Mihi
999 3522 1080 3581 sic
1106 3521 1402 3603 inscriptio
1427 3520 1550 3581 haec
1577 3522 1801 3581 videtur
1826 3519 2062 3601 legenda
2088 3543 2111 3577 .-

279 3616 584 3707 ‚Aognnu
616 3614 900 3706 Terentii.
985 3620 1146 3676 Acta
1189 3615 1342 3675 ludis
1384 3614 1827 3707 Megalensibus
1857 3614 1947 3675 M.
1977 3613 2201 3706 Fulvio,
2232 3612 2325 3672 M.
2355 3613 2699 3690 Glabrione,

223 3692 516 3754 AEdtlnbus
539 3694 880 3755 Curuhbus.
962 3694 1160 3774 Egere
1188 3694 1260 3753 L.
1291 3695 1601 3785 Amblvius
1631 3694 1877 3785 Turpio,
1905 3694 1981 3752 L.
2012 3694 2259 3785 Attihus
2287 3691 2699 3785 Praenestinus.

223 3770 444 3830 Modos
467 3772 617 3832 fecit
645 3773 856 3833 Claud.
898 3772 1167 3840 Flaccus,
1209 3772 1419 3834 Claud.
1460 3772 1634 3843 filius,
1663 3774 1819 3833 tibus
1857 3770 2092 3851 paribus
2119 3784 2181 3831 et
2208 3774 2543 3849 impanbus,
2586 3774 2699 3833 hoc

223 3860 339 3915 est,
363 3849 608 3910 sinistris
647 3862 710 3911 et
752 3850 996 3911 dextris.
1079 3852 1235 3912 Tota
1261 3852 1476 3911 Graeca
1503 3863 1596 3911 est
1626 3850 2037 3912 Menandrou:
2078 3850 2238 3911 edita
2264 3848 2358 3909 M.
2386 3850 2698 3925 Marcello,

223 3928 342 3987 Cn.
368 3928 614 4006 Sulpitio
643 3930 812 3989 Coss.
1183 3956 1190 3963 ·
2664 4002 2671 4010 ἱ

303 4006 416 4095 Ex·
433 4007 569 4065 Act.
600 4007 646 4065 1.
668 4027 828 4067 scen.
858 4008 908 4067 1.
949 4007 1095 4079 Ima,
1125 4008 1282 4088 apud
1308 4008 1468 4069 hunc
1497 4008 1805 4069 authorem
1838 4009 2031 4087 priore
2058 4018 2118 4067 et
2146 4006 2437 4087 producta
2456 4018 2517 4069 et
2535 4008 2698 4069 brevi

222 4101 478 4174 reperio.
561 4086 924 4177 Unde-venio
951 4087 1007 4146 in
1037 4085 1378 4180 opinionem
1399 4086 1579 4148 scribi
1608 4087 1825 4148 debere
1854 4087 2088 4179 gemino
2113 4108 2187 4157 m,
2216 4086 2575 4166 alteriusque
2596 4088 2701 4149 de-

222 4166 1458 4333 {2223ss»2534323‘22222301135222025
1497 4167 2477 4337 ἱὲῗῖξέἔεῑῗ’νὲἵ’ζ”ἱεὲἳ3ξῧῗέ
2485 4168 2699 4305 ’2ξὲιὲ

217 4331 824 4461 ῗὲἳῑῖ“ὶ’ἔηό“;ῗ““ὲι
844 4322 1028 4463 ῗέἱέ
1034 4336 1123 4462 ‘iit
1146 4323 1440 4461 ¹¹:1⁸3:
1448 4324 1524 4461 ¹31
1564 4324 1722 4461 ‘33:13‘
1740 4333 1828 4460 {¹5²
1864 4322 2237 4461 332²}thss
2263 4324 2452 4460 :5¹33
2480 4338 2698 4455 ‘25:23

211 4421 456 4566 pgmm
481 4479 620 4539 inde
643 4476 838 4539 abiens
861 4482 1098 4541 conveni
1129 4481 1408 4552 Chremis,
1442 4424 1641 4550 Olga,
1668 4489 1722 4540 et
1737 4422 2048 4571 pagiculos’
2072 4423 2315 4541 {inuras
2324 4442 2503 4553 flente
2542 4472 2699 4533 obolo

216 4574 272 4615 m
298 4578 520 4621 emnam
547 4558 689 4619 seni·
779 4558 1034 4633 Conveni
1061 4578 1168 4636 pro
1189 4560 1402 4630 inveni,
1429 4572 1492 4619 et
1519 4577 1753 4618 occurri
1780 4558 2047 4617 sumitur.
2130 4556 2356 4615 Eodem
2399 4550 2573 4610 modo
2598 4570 2697 4610 su·

219 4634 390 4695 mitur
435 4636 497 4694 in
526 4634 629 4695 illo
660 4635 940 4695 Eunuchi
971 4636 1114 4694 Act.
1142 4637 1227 4695 11.
1252 4656 1410 4695 scen.
1442 4635 1529 4696 11.
1614 4636 1866 4697 Conveni
1902 4636 2071 4693 hodie
2092 4629 2395 4690 adveniens
2420 4629 2697 4707 quendam

219 4714 320 4774 mei
343 4714 459 4776 loci
485 4714 624 4775 hino
647 4723 826 4793 atque
852 4712 1076 4775 ordinis
1095 4738 1120 4775 .-
1161 4714 1326 4793 quod
1349 4732 1470 4775 non
1495 4712 1652 4775 visus
1677 4724 1769 4773 est
1794 4714 2069 4772 Donatus
2094 4702 2439 4781 intelligere.
2487 4704 2699 4765 Cicero
