3067 4959
1138 322 1784 393 TERENTIANA.
1837 355 1846 370 ·
2611 332 2749 395 lxxi

279 488 440 551 misit
467 489 548 549 de
569 485 748 547 iambi
766 484 1124 556 acerbitate;
1163 488 1308 549 neve
1333 485 1460 545 sine
1479 485 1755 563 exemplo
1770 480 1982 543 fecisse
2006 495 2141 542 eum
2168 485 2473 559 arbitrere,
2500 486 2739 550 babebis

280 588 362 627 ex
391 568 644 647 prologo
673 565 1116 643 Amphitruonis
1141 583 1320 623 unum
1345 586 1360 620 ε
2120 568 2129 581 “

676 642 812 699 Quod
832 660 922 708 ego
941 645 1030 691 huc
1049 644 1245 705 processi
1267 644 1332 691 sie
1349 658 1454 689 cum
1477 642 1629 691 servili
1650 640 1842 691 schema.

367 710 480 768 Est
497 708 650 767 enim
679 708 888 787 σχῆμα
903 728 922 766 z
948 726 1280 786 quanquam
1301 724 1416 764 non
1434 726 1564 764 sum
1583 707 1812 766 nescius
1828 704 1981 763 viros
1995 704 2221 773 doctos,
2246 705 2477 765 sublata
2497 708 2732 769 aliunde

279 788 536 868 syllaba,
562 787 836 847 schemate
857 786 1058 863 legere
1083 784 1319 843 solitos:
1364 804 1546 859 quare
1573 785 1749 843 alium
1776 784 1989 843 habeas
2016 802 2094 841 ex
2121 782 2417 843 Asinaria:

676 866 782 928 Age
796 879 920 911 nunc
940 864 1096 916 reside.
1106 866 1204 926 jam
1225 878 1336 910 eave
1355 861 1492 911 modo
1512 878 1573 909 ne
1589 864 1763 927 gruis.

367 929 588 1007 Neque
612 929 764 986 enim
789 939 1109 1005 sequentur
1133 927 1480 1004 analogiam,
1507 928 1611 1003 qui
1709 926 1897 985 axeris
1922 924 2173 1002 legerint
2186 946 2207 994 ;
2234 925 2417 984 nihilo
2441 928 2583 987 sane
2610 948 2733 997 me-

281 1008 422 1146 gus,
451 1006 641 1097 ‘quam
682 1005 732 1065 si
749 1006 992 1085 fixa-eris
1029 1015 1089 1062 et
1127 1005 1428 1083 accep-teris
1465 1024 1576 1082 pro
1613 948 1767 1062 {gratis
1802 1014 1863 1062 et
1892 1003 2176 1081 occepsis,
2200 1003 2437 1063 malint:
2477 1006 2635 1066 sicut
2672 1008 2733 1067 in

341 1104 375 1145 a
419 1086 552 1143 uvis
577 1106 592 1119 ·

375 1105 420 1163 Ρ
568 1128 590 1155 ³
669 1161 920 1225 Nunquam
941 1162 1088 1209 isthuc
1107 1160 1234 1216 dixis,
1259 1176 1402 1223 neque
1422 1160 1621 1207 animum
1638 1159 1821 1209 induxis
1840 1166 1987 1208 tuum.

361 1225 644 1305 Accipies
671 1226 848 1285 etiam
877 1244 1056 1284 unum
1085 1244 1162 1283 ex
1187 1224 1393 1283 eadem
1422 1224 1654 1283 fabula:

669 1304 788 1351 Avia
809 1319 885 1352 me
903 1302 998 1351 fere
1019 1304 1298 1351 consimilem
1317 1302 1492 1358 faciam,
1515 1308 1567 1348 ut
1587 1301 1809 1363 praedixti.

363 1368 743 1428 Adducerem
771 1380 832 1426 et
856 1388 936 1427 ex
965 1366 1196 1427 Casinae
1218 1366 1486 1444 prologo,
1514 1364 1623 1423 nisi
1648 1366 1947 1444 supicarer
1969 1366 2147 1425 verba
2172 1383 2299 1425 esse
2324 1364 2709 1445 transposita:

670 1443 957 1495 clemmenoe
977 1448 1078 1493 haec
1092 1454 1282 1494 vocatur
1296 1444 1520 1493 eomoedia
1540 1441 1723 1493 Graecfi.

364 1508 534 1569 Sicut
559 1527 636 1569 ex
665 1508 871 1568 eodem
897 1511 1146 1569 alterum
1167 1530 1184 1565 ε

667 1586 864 1636 Ratione
887 1596 1088 1645 utuntur,
1111 1589 1230 1635 ludis
1253 1588 1478 1636 neminem
1499 1593 1709 1651 poscunt.

361 1650 482 1711 Sed
508 1650 776 1728 profecto
803 1664 866 1711 et
890 1652 1030 1711 alibi
1059 1651 1258 1711 multis
1286 1652 1452 1719 locis,
1469 1664 1545 1717 ,et
1572 1653 1633 1709 in
1661 1649 1911 1708 Poenulo
1937 1670 1952 1705 ε

671 1730 834 1785 Gerrae
853 1746 1098 1793 gennanae,
1119 1738 1254 1792 atque
1275 1731 1448 1793 aedepol
1469 1730 1592 1805 aigae
1612 1728 1764 1795 λήξω.

366 1794 465 1852 Ac
490 1812 568 1853 ne
592 1792 654 1850 in
678 1793 791 1851 illis
819 1794 1052 1871 quidem
1083 1794 1334 1852 servavit
1359 1794 1741 1853 Latinitatem
1764 1812 1781 1847 t

675 1871 754 1919 Ne
773 1878 820 1917 te
840 1874 978 1919 iratus
995 1874 1090 1920 suis
1111 1874 1246 1921 saevis
1265 1872 1401 1920 dietis
1419 1872 1628 1935 protelet,
1652 1871 1763 1917 scio.

375 1934 692 1993 Substituit
717 1934 891 2004 enim,
917 1954 1026 2013 pro
1051 1938 1216 1995 saevis
1241 1936 1424 2009 dictis,
1454 1934 1741 1993 saevidicis
1762 1954 1779 1989 t
1820 1942 1882 1991 at
1907 1932 2239 1991 saevidicum
2278 1934 2493 1995 mobile
2519 1952 2733 1993 nomen

289 2024 409 2080 est,
437 2011 532 2071 cui
559 2010 740 2087 igitur
763 2011 1009 2071 haerebit
1027 2013 1056 2069 ?
1097 2030 1170 2071 an
1196 2013 1295 2070 ille
1320 2014 1558 2083 invenit,
1583 2030 1829 2090 usquam
1854 2010 1913 2067 in
1930 2021 2165 2083 naturae
2191 2012 2436 2089 legibus,
2458 2013 2733 2073 accidens

293 2090 425 2149 sine
451 2087 775 2147 substantia
791 2088 821 2144 ?
885 2089 956 2147 In
986 2089 1188 2148 eadem
1217 2101 1406 2149 autem
1433 2094 1615 2151 scena
1640 2090 1817 2148 etiam
1844 2088 2061 2166 pedum
2090 2108 2363 2151 numerus
2390 2110 2525 2151 eum
2543 2090 2725 2171 fugit:

293 2184 554 2246 namque
581 2165 892 2225 iambicum
917 2167 1204 2227 senarium
1231 2168 1827 2246 hypercatalecticum
1858 2166 2009 2223 dixit
2042 2166 2202 2225 illum
2226 2190 2241 2227 ε

681 2244 789 2293 Νοιι
811 2262 992 2307 possum
1016 2248 1182 2303 adessa
1205 2249 1261 2293 ab
1283 2248 1389 2309 quid
1410 2248 1545 2311 agis?
1577 2246 1667 2310 qud
1683 2247 1789 2301 abis,
1815 2244 2017 2308 Antipho
2030 2246 2055 2291 ἰ’
2088 2262 2236 2295 mane.

377 2308 578 2369 Habet
603 2308 755 2368 enim
774 2311 923 2369 duos
939 2311 1208 2389 dactylos
1231 2311 1481 2370 alterum
1501 2311 1669 2369 alteri
1686 2311 2031 2368 subeuntem
2058 2321 2194 2369 ante
2214 2322 2571 2389 postremum
2591 2308 2738 2371 iam-

287 2389 452 2447 bum.
531 2388 728 2466 AEque
766 2400 962 2447 autem
1004 2390 1373 2448 incommode
1402 2409 1481 2449 ex
1511 2386 2183 2450 Heautontimorumeno
2210 2390 2733 2469 brachycatalecti-

289 2485 426 2525 cum
452 2466 768 2525 nominavit
793 2466 974 2538 illum,
994 2467 1052 2525 in
1082 2486 1200 2546 quo
1228 2466 1556 2545 periculum
1584 2464 1777 2545 potius
1800 2464 2083 2537 imminet,
2111 2487 2186 2526 ne
2213 2468 2352 2547 quid
2380 2469 2668 2528 redundet
2688 2490 2709 2527 a

671 2544 737 2593 Et
758 2545 879 2593 illam
901 2547 1037 2593 simul
1054 2561 1160 2594 cum
1182 2546 1350 2593 nuncio
1370 2547 1448 2593 tibi
1469 2544 1549 2593 hic
1568 2561 1657 2608 ego
1678 2544 1915 2592 affuturam
1938 2545 2069 2592 hodie
2088 2548 2196 2593 scio.

367 2608 481 2667 Est
515 2607 670 2682 enim
711 2611 1031 2688 quadratus
1069 2610 1374 2669 iambicus.
1457 2609 1626 2669 Sicut
1650 2608 1815 2667 illum
1840 2626 2077 2688 quoque
2102 2608 2295 2669 minus
2312 2609 2466 2671 bene
2487 2620 2733 2671 octona·

288 2684 442 2746 rium
464 2685 1068 2765 hypercatalecticum
1089 2710 1108 2747 ε

447 2794 454 2801 ·
677 2764 852 2813 Probet
885 2768 992 2815 huic
1010 2766 1154 2815 fllium
1174 2766 1266 2815 scis
1284 2766 1418 2815 esoe?
1449 2766 1613 2825 audivi,
1634 2767 1683 2814 ln
1704 2762 1818 2815 Asia
1836 2780 1930 2814 noa
1952 2772 2021 2814 est
2040 2772 2183 2829 pata.

371 2844 525 2904 Nam
549 2845 600 2904 si
626 2845 880 2905 iambum
906 2846 967 2905 in
991 2846 1182 2925 prima
1207 2848 1348 2907 sede
1374 2860 1618 2920 statuas,
1664 2858 1725 2908 et
1761 2846 2043 2905 creticum
2081 2846 2142 2902 in
2168 2844 2430 2923 secunda
2468 2847 2545 2905 ob
2584 2844 2741 2925 posi·

289 2922 534 2993 tionem,
563 2934 666 2983 aut
691 2924 990 3003 dactylum
1018 2944 1097 2983 ex
1137 2928 1346 2984 natura
1384 2926 1642 3005 syllabas,
1683 2922 2047 3004 septenarius
2084 2932 2193 2983 est.
2275 2924 2391 2983 Sed
2418 2924 2581 2983 audii
2602 2943 2742 3001 pro·

290 3000 694 3059 nunciandum
733 3014 842 3071 est,
882 3014 952 3059 ut
993 3003 1134 3061 Asia
1174 3003 1252 3062 sit
1291 3016 1639 3083 anapaestus.
1723 3002 1825 3061 Sin
1864 3000 2033 3059 malis
2063 2997 2446 3070 trochaicum,
2474 3018 2590 3057 non
2617 3000 2744 3059 col-

292 3076 450 3135 lidas
475 3076 812 3135 adverbium
846 3078 1037 3155 probe,
1065 3091 1128 3138 et
1152 3081 1264 3139 erit
1287 3093 1615 3161 anapaestus
1652 3078 1841 3160 prima
1878 3077 1935 3135 in
1962 3077 2123 3147 sede,
2152 3076 2381 3154 eritque
2408 3076 2741 3137 octonarius

294 3152 638 3213 trochaicus
678 3155 1073 3225 catalecticus,
1123 3168 1184 3216 et
1223 3160 1362 3217 Asia
1403 3160 1771 3240 bisyllabum.
1870 3158 1943 3221 In
1984 3153 2336 3214 Phormione
2387 3153 2607 3215 frustra
2654 3154 2743 3215 la·

293 3234 474 3291 borat
499 3233 933 3311 transponendo
957 3235 1151 3303 verba,
1181 3248 1248 3294 ut
1273 3240 1523 3298 numeris
1553 3235 1824 3304 consulit,
1852 3254 1925 3294 eo
1951 3251 2158 3293 versut

689 3308 759 3359 Ut
777 3312 834 3359 ad
855 3327 996 3375 pauca
1013 3312 1204 3371 redeam,
1225 3330 1278 3363 ac
1297 3317 1474 3365 mittam
1497 3318 1615 3365 illius
1635 3314 1839 3379 ineptias.

373 3374 610 3436 Mavult
635 3374 720 3435 ita
745 3375 900 3454 legi:

685 3454 760 3502 Ad
778 3471 920 3517 pauca
940 3464 992 3505 ut
1012 3457 1208 3507 redeam.

374 3521 462 3579 At
497 3520 639 3579 vero
678 3521 920 3578 verbum
961 3522 1188 3581 redeam
1227 3521 1577 3600 bisyllabum
1618 3540 1767 3594 esse,
1809 3519 1899 3579 vel
1941 3518 2237 3578 sexcentis
2274 3518 2441 3592 locis,
2466 3518 2569 3579 ubi
2596 3536 2743 3598 opus

293 3609 406 3665 est,
447 3610 700 3657 constat.
801 3598 1032 3657 Eximit
1078 3599 1256 3658 etiam
1295 3600 1563 3659 vocalem
1614 3601 1786 3676 hujus
1824 3596 2249 3679 praepositionis
2293 3620 2402 3677 per
2452 3617 2525 3657 eo
2572 3616 2745 3657 versu

301 3674 727 3755 Adelphorum,

679 3756 773 3804 Per
792 3756 1128 3819 oppressionem
1151 3764 1203 3804 ut
1222 3758 1339 3803 banc
1359 3756 1470 3803 mihi
1490 3756 1663 3818 eripere
1682 3756 1895 3819 postulet.

383 3835 468 3893 At
493 3836 648 3906 vero,
677 3836 818 3915 quid
856 3836 1038 3895 fuerit
1066 3837 1285 3907 dicere,
1318 3858 1428 3915 pro
1507 3836 1853 3895 restionem?
1891 3854 2103 3916 nempe
2128 3832 2406 3911 frigidum
2432 3832 2747 3893 admodum

297 3922 412 3983 eat,
456 3930 531 3971 ne
570 3913 758 3973 dicam
785 3914 1124 3985 absurdum,
1153 3935 1368 3973 novum
1441 3934 1573 3992 ugae
1598 3934 1805 3991 genus,
1836 3914 1955 3993 qud
1983 3916 2160 3973 evitet
2190 3911 2473 3970 creticum
2513 3912 2751 3973 fatalem

291 3992 466 4049 illum
487 4010 506 4048 ι
546 3988 676 4049 cum
715 4004 910 4053 tamen
951 3994 1102 4051 adeo
1143 3992 1394 4051 molliter
1433 3991 1808 4070 pronunciari
1847 3992 2051 4071 possit,
2090 4003 2161 4049 ut
2183 3989 2283 4047 vix
2311 3989 2561 4051 divertat
2586 3991 2625 4051 ὲ
2648 4011 2753 4069 na-

292 4070 434 4129 tura
461 4067 740 4146 spondaei.
819 4070 936 4130 Sed
951 4076 1079 4145 jam
1106 4089 1312 4129 vereor
1337 4091 1413 4129 ne
1442 4070 1573 4148 quis
1600 4089 1825 4141 eorum,
1854 4090 1999 4148 quos
2024 4069 2123 4129 ille
2148 4068 2347 4128 multis
2371 4068 2516 4128 locis
2539 4070 2757 4147 premit

292 4146 516 4207 fabulis
534 4156 713 4224 atque
729 4146 948 4220 irridet,
969 4160 1220 4227 reponat
1241 4148 1298 4207 ei
1323 4151 1593 4227 gratiam,
1620 4146 1758 4207 cum
1784 4148 1845 4205 in
1872 4149 2049 4207 verbo
2106 4145 2305 4216 ostulo,
2324 4147 2515 4207 sciant
2534 4148 2756 4224 abipso

293 4236 642 4305 exemptam
671 4224 916 4285 mediam
942 4228 1228 4287 vocalem.
1307 4227 1536 4305 Magno
1578 4224 1731 4285 enim
1772 4226 1833 4284 in
1860 4225 2021 4305 peric
2086 4244 2122 4283 o
2148 4235 2257 4292 est,
2282 4242 2359 4282 ne
2384 4228 2457 4285 ab
2484 4226 2597 4283 illis
2623 4226 2757 4281 bar-

293 4306 480 4365 barus
507 4323 544 4364 a
585 4302 874 4381 pelleturz
911 4318 1226 4386 propterea
1249 4306 1410 4383 quod
1439 4303 1743 4375 Germani,
1770 4302 2091 4383 proesertim
2118 4314 2405 4361 nostrates
2432 4297 2751 4367 Vindelici,

295 4382 500 4455 Carni,
587 4378 755 4451 orici,
777 4382 916 4441 item
941 4384 1140 4451 Duevi,
1163 4384 1445 4455 Saxones,
1469 4382 1556 4443 ita
1571 4382 1719 4441 illud
1732 4384 1971 4443 verbum
1994 4380 2403 4460 pronunciant,
2422 4378 2521 4435 vix
2544 4386 2611 4433 ut
2628 4392 2761 4433 eam

290 4461 560 4523 vocalem
589 4460 896 4521 exaudias.
975 4460 1200 4521 Verum
1241 4460 1534 4540 equidem,
1574 4480 1769 4539 neque
1806 4460 2061 4519 irridebo
2086 4468 2383 4515 maternos
2409 4472 2546 4510 avos
2574 4470 2757 4527 meos,

291 4556 486 4621 neque
523 4537 790 4601 hominia
826 4538 1158 4607 consilium,
1201 4539 1418 4617 quippe
1458 4538 1561 4617 qui
1601 4556 1821 4598 memor
1860 4539 1969 4596 sim
2006 4538 2139 4612 ejus
2160 4531 2363 4619 versus
2402 4548 2480 4586 ex
2509 4530 2755 4590 Casina:

291 4620 462 4683 Nune
499 4642 574 4684 κε
600 4629 670 4681 tu
695 4618 1042 4699 respondere
1059 4616 1310 4696 postules
1335 4637 1422 4676 me
1446 4618 1573 4678 tibi.
1656 4616 1791 4675 Non
1830 4614 2009 4693 igitur
2043 4608 2333 4687 judicium
2369 4606 2761 4681 reprehendo,
