3067 4959
278 362 315 405 c
1076 334 1817 403 PROLEGOMENA

278 498 403 559 edm
445 506 681 578 oportet,
704 506 1005 577 jocantur.
1091 496 1251 557 Sicut
1292 496 1441 557 enim
1478 514 1720 571 corpora
1745 494 2112 573 distinguunt
2135 495 2230 555 sui
2263 505 2446 557 maus
2465 521 2493 566 ,-
2535 506 2620 566 ιιι,
2649 518 2774 557 ea:-

280 575 451 655 empli
469 576 688 655 gracili,
716 578 924 657 ignem,
961 586 1013 635 et
1058 574 1329 653 quicquid
1364 573 1483 635 leve
1520 582 1625 642 ert,
1664 582 1846 633 motus
1869 573 1969 663 qm‘
2006 574 2070 632 in
2095 572 2270 633 altum
2289 576 2522 653 fertur,
2561 596 2776 653 grave

280 656 481 714 contr&
508 664 687 713 motus
713 656 813 733 qui
838 655 919 712 ad
940 654 1202 721 medium,
1222 653 1520 733 eodemque
1539 652 1702 711 modo
1722 652 1783 709 in
1805 650 1971 719 alain
1997 652 2080 709 ita
2103 673 2173 711 ex
2193 653 2266 711 iis
2285 653 2389 731 qui
2403 655 2566 711 exlrc'i
2587 664 2764 721 sunt,

282 742 335 791 et
364 733 463 811 qui
488 734 548 791 in
576 732 761 793 oculos
788 734 1093 791 incurrunt
1130 731 1411 790 hominum
1454 730 1710 797 motibus,
1738 728 1962 787 habitus
1989 741 2512 809 quoqueaapparent
2534 732 2768 791 animoe

280 820 333 869 et
362 830 558 871 mores.
622 811 777 876 Quia
804 824 997 869 autem
1030 814 1177 869 risus
1204 809 1291 877 iis,
1322 822 1384 866 ut
1412 808 1751 886 plurimum,
1773 807 1872 885 qui
1896 806 2086 865 minus
2105 820 2244 866 sunt
2269 808 2518 873 honesti.
2541 810 2764 887 quales

282 888 545 946 homines
573 888 785 966 plebeii
812 900 949 946 sunt
976 901 1076 946 aut
1118 906 1358 956 scurrae,
1400 897 1603 964 gratus
1645 904 1772 943 esse
1811 886 1998 953 solet;
2039 886 2177 945 hinc
2217 886 2304 954 fit,
2352 886 2542 964 inquit
2583 888 2756 945 idem

286 967 657 1034 Aristoteles,
692 979 754 1026 ut
776 967 875 1045 qui
902 967 1175 1025 scurriles
1200 966 1336 1033 sint,
1356 964 1560 1022 urbani
1581 963 1754 1021 etiam
1785 963 2075 1023 dicantur.
2131 964 2322 1023 Addit
2340 977 2559 1033 autem,
2581 966 2750 1045 quod

281 1057 551 1121 spectare
578 1046 694 1104 huc
722 1044 965 1123 propius
991 1046 1259 1104 videtur:
1304 1044 1629 1102 Discrimen
1649 1039 1781 1101 verb
1808 1063 1878 1099 ex
1909 1043 2166 1121 Antiqua
2197 1043 2484 1102 Comoedid
2503 1055 2750 1133 apparet

282 1132 337 1182 et
368 1123 556 1181 Νουᾶ.
642 1124 791 1182 Nam
824 1124 885 1182 in
913 1122 1017 1183 illd
1040 1124 1107 1183 id
1128 1122 1282 1201 quod
1304 1122 1636 1190 obscaenum,
1681 1120 1742 1179 in
1783 1120 1888 1179 hdo
1932 1130 2140 1190 autem,
2183 1122 2336 1200 quod
2375 1122 2747 1199 εωρίσωηεηι

278 1198 499 1260 tantam
520 1205 641 1280 ejus
666 1211 865 1271 movet,
894 1202 1069 1260 risum
1112 1220 1330 1279 quoque
1355 1198 1618 1276 exprimit
1634 1222 1656 1256 .-
1699 1218 1829 1277 qnoe
1853 1220 1964 1259 non
2077 1220 2204 1258 rum
2246 1200 2518 1277 differunt
2543 1201 2622 1257 ad
2649 1220 2744 1258 ve·

282 1288 577 1339 vamtatem.
660 1280 825 1339 Idem
854 1280 929 1338 de
957 1278 1175 1337 cavillis
1218 1296 1453 1357 quoque
1478 1275 1646 1334 addit
1669 1287 1732 1335 et
1759 1277 2056 1335 conviciis.
2138 1277 2368 1344 Quibus
2393 1278 2744 1337 abstinuisse

280 1356 555 1415 Plautum
605 1369 855 1428 constat,
912 1359 1048 1416 cum
1103 1356 1490 1415 obscoenitate
1536 1354 1754 1413 nemini
1799 1354 2112 1414 concedat.
2193 1356 2389 1431 Hujus
2431 1367 2624 1413 autem
2681 1355 2742 1413 in

278 1446 531 1513 utroque
558 1456 634 1495 ex
668 1435 1005 1495 Aristotelis
1020 1435 1249 1511 judicio
1276 1432 1589 1493 discrimen
1617 1432 1934 1493 videamus.
2015 1434 2267 1513 Byrrhia
2309 1434 2471 1512 apud
2517 1434 2744 1493 Teren·

276 1512 421 1571 tium
451 1514 713 1572 Andria:

792 1592 913 1639 illam
935 1592 1027 1639 vidi
1048 1592 1091 1637 vi
1150 1591 1284 1645 'nem,
1306 1587 1451 1637 sormi
1470 1587 1590 1637 boni

723 1656 859 1703 emini
882 1656 1044 1711 videre,
1067 1672 1127 1717 qu
1180 1656 1350 1716 aequior
1371 1669 1471 1702 sum
1494 1652 1747 1717 Pamphilo,

664 1720 711 1767 Si
736 1736 786 1767 se
806 1720 926 1767 illam
950 1721 995 1767 in
1019 1721 1189 1767 somnis
1211 1718 1347 1781 quem
1368 1719 1495 1766 illum
1517 1718 1726 1781 amplecti
1747 1718 1921 1765 maluit.

358 1782 549 1843 Video
576 1782 634 1841 in
664 1783 774 1852 his,
802 1802 919 1841 non
948 1784 1413 1851 obscoenitatem,
1458 1782 1566 1841 sed
1605 1781 1996 1873 suspicionem
2024 1781 2106 1839 rei
2134 1800 2342 1861 parum
2370 1782 2740 1855 verecunda,

277 1858 369 1918 >eal
392 1858 653 1921 tivrovsioer·
683 1880 816 1939 quae
844 1874 963 1920 tam
991 1874 1081 1921 est
1106 1861 1369 1931 honesta,
1404 1872 1469 1918 ut
1496 1858 1532 1919 a
1561 1863 1763 1939 quavis
1791 1860 2015 1938 virgine
2055 1861 2136 1929 id,
2180 1860 2513 1921 urbanitate
2555 1862 2737 1932 salva,

274 1940 391 1999 dici
418 1940 615 2019 possit.
700 1938 860 2004 Quid
888 1940 1043 1999 enim
1072 1938 1325 2009 suavius,
1354 1938 1529 2017 quam
1557 1940 1620 1998 in
1646 1940 1854 1999 somnis
1877 1938 2187 2017 amplecti?
2226 1950 2288 1997 et
2314 1938 2570 2017 quidem,
2589 1940 2636 1999 si
2657 1940 2738 1999 de

274 2017 398 2076 viro
426 2030 487 2077 et
514 2018 767 2079 formosa
794 2022 1049 2096 conjuge
1076 2019 1341 2077 dicatur!
1402 2018 1534 2089 Non
1557 2016 1710 2076 enim
1739 2016 1883 2075 dicit
1913 2014 2094 2088 Βινεῖν,
2123 2015 2283 2095 quod
2313 2016 2739 2099 Aristophanes

275 2094 538 2167 dixisset,
568 2117 681 2159 nec
710 2117 841 2177 quae
868 2098 925 2154 in
953 2117 1017 2157 re
1048 2096 1146 2155 tali
1178 2097 1422 2155 Plautus
1451 2114 1732 2174 usurpare
1757 2094 1928 2167 solet,
1988 2096 2046 2153 ui
2073 2114 2184 2153 nec
2209 2096 2454 2155 honeste
2475 2116 2545 2156 ea
2570 2096 2738 2169 dicit,

276 2184 337 2233 et
366 2174 643 2235 obscoene
671 2175 1173 2254 circumloquitur.
1246 2174 1399 2233 Nam
1428 2173 1623 2251 qualia
1643 2185 1778 2231 sunt
1806 2173 1918 2233 ista
1997 2174 2186 2233 asina!
2369 2179 2378 2189 “

662 2256 732 2302 01.
766 2252 859 2303 Ubi
875 2256 1003 2301 loeus
1026 2261 1232 2347 sum’ptus
1252 2248 1387 2314 pori-6
1404 2262 1487 2307 est,
1509 2248 1722 2300 continue
1742 2253 1896 2300 stricto
1917 2253 2084 2317 gladio,
2115 2252 2232 2301 atat!
2267 2251 2416 2315 pepe!
2455 2251 2612 2317 papae!
2667 2254 2738 2301 a.

660 2380 731 2429 01.
762 2318 1100 2444 liiiilgid‘iniiagl?
1108 2350 1205 2429 erat
1226 2380 1484 2435 maximum,
1508 2379 1708 2442 gladium
1729 2396 1788 2429 ne
1809 2382 1992 2431 haberet
2005 2382 2172 2430 metui:

782 2447 829 2493 id
849 2460 1051 2507 quoerere
1068 2446 1257 2507 occoepi.

656 2508 787 2557 Dum
807 2511 1007 2574 gladium
1030 2525 1091 2557 ne
1110 2510 1269 2557 habeat
1288 2524 1455 2571 qum-o,
1479 2509 1642 2571 arripio
1663 2511 1888 2571 capulum.

350 2571 503 2631 Nam
532 2584 747 2633 caetera
770 2574 829 2631 in
860 2574 1071 2653 quibus
1098 2573 1271 2651 plane
1311 2570 1594 2662 loquitur,
1621 2574 1942 2651 praesertim
1972 2576 2110 2635 cum
2137 2574 2212 2633 de
2240 2572 2476 2633 Venere
2519 2569 2735 2665 ἀῤῥήτξρ

268 2648 412 2727 agit,
444 2670 516 2711 ea
542 2651 703 2721 verd,
734 2670 808 2711 ne
835 2668 1291 2711 commemorare
1319 2650 1556 2729 quidem
1586 2651 1759 2712 malo.
1822 2652 1975 2712 Puto
2003 2664 2200 2713 autem
2227 2651 2368 2711 satis
2393 2672 2524 2729 esse
2551 2648 2733 2713 mamss

266 2728 501 2800 festum,
550 2731 726 2789 etiam
774 2730 913 2789 cum
956 2728 1441 2807 circumloquitur
1487 2747 1620 2806 quae
1665 2749 1872 2807 parum
1913 2744 2050 2790 sunt
2089 2732 2356 2801 honesta,
2387 2751 2462 2790 ne
2489 2731 2734 2793 honeste

266 2806 523 2883 quidem,
554 2817 613 2867 et
642 2827 775 2867 cum
802 2807 1180 2867 honestarum
1220 2807 1447 2867 aurium
1475 2807 1729 2878 fastidio,
1771 2808 1833 2868 id
1872 2808 2019 2868 fieri.
2099 2810 2283 2869 Vides
2327 2828 2472 2889 ergo
2519 2811 2734 2887 passim

264 2884 479 2944 veteris
504 2886 836 2965 imaginem.
888 2887 1105 2957 Etiam,
1133 2888 1208 2946 de
1236 2906 1357 2965 quo
1383 2905 1522 2946 mox
1552 2886 1724 2964 paulo
1752 2890 1904 2965 pest,
1931 2888 2248 2949 dicacitate
2275 2907 2348 2949 ac
2375 2888 2728 2948 maledicen-

265 2962 363 3021 tia.
420 2967 569 3030 Quae
599 2964 852 3025 Athenis
880 2966 1089 3043 partim
1118 2965 1302 3045 leges,
1332 2964 1544 3044 partim
1573 2977 1788 3035 metus,
1813 2967 2024 3044 partim
2055 2968 2180 3044 ipsa
2197 2966 2529 3026 emendavit
2547 2966 2722 3027 ratio:

264 3042 402 3101 cum
432 3055 627 3104 tamen
654 3044 779 3104 sola
805 3043 983 3103 risum
1024 3044 1357 3105 felicissime
1398 3055 1679 3104 moveret.
1761 3044 1946 3106 Novae
1973 3058 2168 3105 autem
2200 3064 2308 3105 rex
2336 3044 2608 3125 princeps
2653 3066 2728 3106 ue

264 3120 596 3183 Menander
634 3122 788 3182 fuiti
829 3127 997 3201 cujus
1038 3142 1319 3203 expressa
1356 3124 1552 3202 imago
1593 3142 1664 3183 ac
1691 3122 1910 3201 effigies
1939 3123 2272 3183 Terentius.
2352 3126 2546 3191 Quem
2588 3145 2621 3184 c
2671 3145 2728 3183 m

263 3212 512 3280 uterque
538 3202 881 3279 accepisset,
916 3201 1325 3279 Aristophanis
1352 3202 1596 3260 virtutes
1623 3202 1734 3261 hac
1763 3202 2036 3262 mercede
2057 3200 2348 3280 expressit
2373 3202 2636 3274 Plautus,
2662 3218 2730 3263 ut

262 3298 375 3338 nec
394 3299 593 3339 omnes
612 3293 829 3358 posset,
860 3278 1043 3358 (quod
1072 3290 1132 3337 et
1157 3279 1373 3356 linguae
1400 3280 1725 3348 diversitas,
1755 3293 1817 3339 et
1849 3280 2247 3340 Romanorum
2273 3281 2454 3357 leges,
2485 3294 2548 3341 et
2577 3294 2724 3341 tem·

260 3376 422 3434 pora,
453 3378 523 3417 ac
551 3377 742 3416 rerum
772 3358 1137 3435 publicarum
1169 3356 1317 3415 ratio
1343 3358 1599 3421 vetabat,
1623 3357 1855 3417 sublata
1869 3364 1992 3433 jam
2023 3358 2403 3420 maledicendi
2424 3358 2720 3429 libertate,

260 3454 392 3511 quae
413 3436 725 3510 praecipua,
746 3437 906 3512 quod
923 3454 1095 3493 nemo
1114 3434 1320 3500 nescit,
1340 3436 1438 3491 τοῦ
1456 3430 1672 3510 γελοίου
1693 3454 1824 3512 pars
1844 3438 1978 3511 est‚)
1999 3450 2062 3497 et
2082 3454 2444 3517 quaecunque
2463 3436 2526 3493 in
2549 3437 2720 3495 Aris-

256 3510 514 3588 tophane
550 3512 895 3572 Plutarchus
916 3510 952 3571 ὁ
978 3512 1272 3571 communi
1291 3511 1714 3571 consuetudine
1733 3512 2010 3593 loquendi
2029 3518 2337 3577 abhorrere
2367 3525 2554 3583 notat,
2575 3516 2716 3575 reti-

254 3600 439 3647 neret.
522 3590 673 3649 Nam
714 3600 775 3647 et
816 3590 962 3647 κατδι
984 3588 1075 3648 τὸν
1106 3589 1372 3660 λεκτικὸν,
1415 3601 1481 3649 ut
1526 3590 1717 3649 critici
1753 3592 2098 3671 loquuntur,
2129 3594 2218 3653 nal
2241 3592 2327 3652 τὸν
2353 3592 2449 3668 τῆς
2483 3591 2718 3662 διανοίας

254 3670 465 3749 τρόπον,
492 3664 788 3745 ἓυμελικὸς
816 3680 927 3739 est,
956 3681 1018 3729 et
1046 3668 1364 3739 theatralis,
1394 3687 1512 3727 non
1539 3666 1825 3741 πολιτικδς,
1849 3692 2039 3751 neque
2065 3673 2131 3735 ‘rii
2157 3670 2308 3733 >tarci
2333 3670 2429 3748 τὴν
2455 3668 2715 3749 ἀλήθειαν

255 3745 369 3820 ἰδέᾳ
398 3744 685 3824 διαπρέπει·
716 3765 906 3826 neque
934 3745 1213 3825 pauciora
1248 3746 1513 3807 addidit=
1557 3746 1613 3805 in
1643 3748 1854 3828 quibus
1881 3750 2022 3809 dum
2051 3738 2334 3812 ridiculus
2360 3750 2542 3811 videri
2569 3752 2714 3823 vult,

248 3822 498 3900 frigidus
526 3846 595 3885 ac
624 3824 860 3887 odiosus
886 3824 987 3885 fit:
1028 3825 1187 3902 quod
1216 3844 1333 3883 non
1362 3839 1646 3897 nostrum,
1669 3828 1773 3887 sed
1797 3815 2030 3889 Horat‘ii
2047 3830 2340 3906 judicium
2367 3843 2476 3899 est,
2499 3842 2560 3891 et
2586 3830 2723 3906 Βοὴ

248 3901 408 3961 nati:
453 3924 601 3981 quos
648 3916 929 3983 utrosque
978 3914 1267 3962 emunctae
1306 3905 1479 3975 naris,
1510 3917 1791 3985 utrosque
1819 3907 2158 3969 criticorum
2186 3910 2404 3988 primos
2433 3928 2542 3969 suo
2567 3920 2714 3969 tem-

248 3998 391 4058 pore
420 3981 599 4041 fuisse
626 3994 879 4041 constat.
924 3982 1041 4041 Sed
1070 3995 1127 4043 et
1160 3982 1215 4039 in
1245 3982 1523 4056 dicteriis,
1555 3985 1630 4044 de
1660 4005 1778 4064 quo
1799 3989 1920 4064 jam
1948 3986 2311 4058 dicebamus,
2333 3988 2417 4047 ita
2433 3988 2716 4049 Veterem

250 4058 613 4119 Comoediam
643 4060 854 4119 amavit
886 4061 1151 4131 Plautus,
1181 4072 1247 4118 ut
1272 4061 1349 4121 ad
1376 4081 1505 4121 eam
1532 4083 1689 4143 saepe
1717 4064 1940 4133 flectat,
1969 4077 2049 4136 et,
2093 4066 2256 4145 quod
2301 4066 2606 4145 proprium
2653 4067 2712 4125 in

244 4136 343 4199 illa
370 4150 514 4209 erat,
544 4140 877 4216 ἐτεωνύμως,
906 4151 967 4198 et
994 4158 1275 4231 expresso
1300 4140 1554 4213 nomine,
1582 4154 1686 4202 aut
1721 4143 2278 4219 circumscribendo,
2319 4164 2442 4205 non
2481 4157 2602 4207 tam
2629 4144 2710 4202 vi-

242 4228 365 4278 tam
390 4216 711 4282 hominum,
740 4218 913 4295 quarn
944 4218 1256 4286 hominem,
1286 4219 1657 4297 perstringat.
1743 4221 1829 4283 Ut
1857 4222 1914 4281 in
1943 4222 2076 4283 illo:

625 4296 779 4345 Etiam
804 4295 1055 4358 Epidicum,
1080 4312 1213 4358 quam
1236 4312 1323 4360 ego
1346 4297 1540 4361 sahulem
1565 4296 1692 4363 inque
1716 4315 1768 4347 ac
1787 4315 1862 4349 me
1881 4304 2029 4365 ipsum
2050 4319 2168 4359 amo,

622 4360 810 4409 Nullam
833 4358 960 4423 aqui:
980 4362 1149 4408 invitus
1172 4370 1340 4425 specto,
1365 4364 1402 4408 si
1426 4378 1525 4409 earn
1549 4364 1646 4427 agit
1670 4363 1829 4412 Penio.

320 4426 438 4486 Sed
467 4438 529 4487 et
556 4424 953 4486 crudelissime
982 4424 1271 4484 infelicem
1296 4425 1562 4484 Naevium
1593 4426 1792 4485 Milite
1817 4430 2055 4511 excepit
2080 4450 2096 4488 ε

620 4504 741 4553 Nam
764 4520 817 4551 os
832 4504 1139 4552 columnatum
1161 4506 1309 4567 poetae
1329 4505 1479 4553 inesse
1496 4506 1648 4553 audivi
1670 4506 1868 4564 barbaro,

616 4569 705 4620 Cui
727 4571 819 4617 bini
834 4569 1043 4616 custodes
1066 4584 1244 4632 semper
1264 4570 1374 4617 totis
1394 4570 1517 4617 horis
1538 4572 1774 4619 accubant.

310 4628 535 4689 Videor
548 4634 752 4694 audire
772 4633 961 4691 κώδων
982 4631 1260 4713 Κρατίνου,
1284 4644 1489 4712 etque
1510 4635 1736 4713 reliqua
1751 4634 1810 4693 in
1822 4633 2026 4695 Veteri
2037 4634 2700 4708 Comoediaoccumnt,

230 4699 327 4791 ὅση
356 4725 513 4793 norff·
594 4710 745 4769 Nam
785 4712 863 4771 ad
910 4712 1316 4791 Aristophanis
1352 4710 1443 4770 τὸν
1469 4711 1726 4779 evocarer.
1755 4712 1970 4771 frustra
1983 4714 2138 4775 sane
2165 4713 2462 4791 aspiravit.
2545 4714 2708 4785 θιὼ,

230 4794 531 4857 emmrisu
556 4802 672 4842 non
696 4790 977 4848 emoritur
1002 4790 1141 4849 cum
1165 4789 1535 4867 vitiositatem
1564 4787 1790 4851 Cratini
1815 4789 2055 4866 excepit
2081 4790 2256 4848 Irene
2275 4788 2308 4846 ἲ
