3067 4959
259 304 340 366 cii
1132 297 1865 362 PROLEGOMENA

277 453 343 532 τῇ
367 451 560 512 Ἰλιάδι
585 453 658 510 τοὶ
683 453 798 534 my}
819 451 904 510 τὶν
931 448 1218 509 ἀπόπλοεν·
1249 451 1307 510 id
1336 463 1445 520 est,
1479 451 1853 530 Manifestum
1880 469 2016 528 ergo
2056 455 2160 518 est,
2186 447 2357 506 etiam
2392 447 2605 507 exitum
2620 453 2727 524 fa-

281 533 432 593 hulae
457 533 718 612 &fahedai
757 533 880 610 ipsc}
897 531 1022 608 peti
1057 531 1274 600 debere,
1317 551 1426 589 non
1467 534 1506 588 ἃ
1546 529 1825 598 machina,
1868 529 2015 586 utin
2048 526 2261 585 Medea
2287 549 2308 583 .-
2350 535 2455 584 ‹mt
2478 529 2737 604 quemad-

285 615 506 672 modum
530 614 588 670 in
618 611 824 676 Iliade,
852 611 912 666 in
941 610 1012 666 iis
1038 629 1166 684 quoe
1185 609 1334 668 circa
1365 609 1607 666 reditum
1634 607 2151 684 Graecorumfiunt.
2195 604 2499 670 Medeam,
2530 618 2741 674 autem,

287 710 402 748 nou
435 689 826 766 Euripideum,
855 687 958 744 sed
988 687 1226 746 alterius
1251 687 1524 764 intelligit
1552 689 1761 764 poe‘tae.
1815 686 1979 742 Idem
2004 695 2061 741 et
2095 682 2401 751 HoratiuS,
2432 684 2467 742 ὲ
2502 683 2746 740 Pariaao

289 770 469 826 credo
511 765 917 843 Neoptolemo,
949 768 979 822 ὀ
1021 786 1140 846 quo
1179 764 1460 842 pleraque
1509 774 1805 842 praecepta
1846 781 1952 821 sua
1994 762 2051 819 in
2098 762 2213 820 hoc
2256 761 2483 838 scripto
2532 761 2745 832 hausit,

289 845 631 924 fugiendum
661 855 897 900 monet:

670 921 908 1032 {Nice-delego
927 923 1118 978 intersit,
1141 923 1226 968 nisi
1247 922 1414 984 dignus
1429 921 1605 968 vindice
1626 921 1772 966 nodus

700 999 770 1032 nel
801 1001 862 1032 ΕΙῚ
889 1021 902 1034 ι

369 1050 487 1110 Ubi
515 1051 693 1109 nodus
733 1048 878 1123 estas}
912 1049 1070 1117 δὲεις,
1102 1069 1232 1128 quae
1259 1049 1551 1108 interdum
1594 1067 1705 1124 ope
1746 1047 1997 1103 humana
2022 1043 2167 1104 solvi
2192 1063 2311 1103 non
2337 1055 2557 1122 potest.
2640 1045 2755 1111 Qui

289 1129 542 1207 quidem,
575 1127 680 1184 nisi
711 1143 922 1206 praeter
949 1135 1138 1208 poetae
1159 1129 1514 1186 voluntatem
1538 1139 1641 1184 aut
1667 1145 1743 1182 ex
1762 1125 2091 1202 argumenti
2120 1123 2349 1182 eveniat
2377 1123 2751 1191 necessitate,

289 1227 403 1265 non
435 1207 468 1262 εἰ
495 1207 628 1274 dec,
657 1207 817 1284 quod
857 1208 1112 1284 cujusvis
1153 1206 1326 1264 etiam
1376 1203 1787 1282 imperitissimi
1834 1216 1924 1260 est
1970 1201 2238 1271 hominis,
2270 1200 2470 1260 verum
2494 1202 2530 1258 a
2574 1205 2751 1280 po'e'ta

291 1284 434 1344 solvi
463 1284 659 1342 debet.
744 1287 990 1354 Rursus,
1019 1286 1174 1344 sicut
1201 1285 1390 1360 pictor
1429 1282 1616 1360 primo
1663 1281 1943 1340 ambitum
1972 1280 2248 1348 delineat,
2281 1279 2495 1340 deinde
2520 1280 2754 1358 singula

289 1363 556 1430 absolvit,
587 1363 666 1420 ita
693 1364 922 1440 sapiens
963 1367 1140 1442 poe‘ta
1175 1363 1464 1420 actionem
1509 1380 1671 1418 suam
1714 1359 2160 1419 circumscribit.
2246 1357 2525 1429 Primum,
2575 1373 2639 1417 ut
2680 1360 2754 1418 sit

291 1454 454 1500 tota:
497 1442 610 1500 hoc
639 1453 746 1509 est,
779 1455 842 1499 ut
869 1441 1239 1520 principium,
1272 1453 1334 1499 ut
1361 1440 1536 1498 finem
1568 1439 1799 1504 habeat,
1828 1450 1889 1496 et
1916 1437 2169 1494 medium
2194 1459 2211 1494 ε
2252 1456 2385 1513 quae
2412 1437 2471 1494 in
2502 1439 2751 1496 minimis

337 1537 528 1596 uoque
557 1539 684 1578 esse
711 1533 972 1598 possunt.
1023 1519 1270 1578 Minima
1297 1533 1494 1576 autem
1521 1536 1753 1576 sensum
1778 1517 1873 1573 vix
1902 1515 2252 1574 admittunt:
2284 1534 2494 1592 magna
2512 1515 2753 1574 nimium

293 1539 659 1674 dispergunt.
741 1599 838 1656 Sic
879 1599 1178 1656 formicam
1209 1598 1302 1653 vix
1337 1597 1633 1654 videmus:
1678 1595 1734 1650 in
1764 1607 2091 1670 conspectu
2120 1593 2438 1672 elephanti,
2466 1594 2624 1653 visus
2652 1595 2747 1653 vix

293 1677 608 1753 colligitur.
689 1675 909 1750 Quare,
960 1677 1264 1735 comoedioe
1291 1675 1711 1752 tragoediaeque
1740 1673 2081 1748 magnitudo
2110 1685 2170 1732 et
2198 1673 2495 1745 periodus,
2522 1685 2589 1731 ut
2616 1694 2751 1732 cum

293 1755 641 1832 philosopho
671 1753 782 1814 hoc
811 1755 1021 1824 (licam,
1055 1758 1084 1810 ὁ
1115 1757 1321 1812 natura
1351 1754 1655 1830 utriusque
1684 1769 1744 1809 et
1771 1751 1996 1809 ratione
2026 1750 2143 1828 peti
2162 1751 2400 1809 debent.
2456 1751 2537 1809 Et
2566 1765 2751 1810 muta-

291 1834 450 1891 tione
469 1834 672 1912 prima,
691 1833 806 1892 hoc
823 1846 932 1901 est,
952 1853 1085 1892 cum
1107 1832 1448 1891 infelicitate
1471 1831 1543 1889 ad
1568 1830 1907 1888 felicitatem
1927 1830 1981 1886 in
2002 1829 2312 1899 comoedia,
2332 1831 2538 1888 contra
2552 1841 2750 1888 autem

291 1911 350 1968 in
380 1910 686 1988 tragoedia.
731 1912 941 1970 mutari
981 1923 1176 1988 potest
1217 1912 1408 1970 actio:
1461 1912 1543 1968 ita
1572 1922 1637 1967 ut
1664 1929 1739 1967 ex
1768 1919 2115 1983 argumento
2144 1907 2305 1976 nihil,
2335 1908 2494 1985 quod
2521 1909 2598 1966 ad
2627 1926 2747 1966 rem

293 2001 546 2068 spectet,
594 1991 960 2067 praetermitti
1003 1991 1080 2049 sit
1129 2009 1389 2048 neccsse.
1473 1991 1747 2048 Summus
1777 1985 2083 2044 Aristoteli
2114 1986 2369 2044 ambitus
2397 1985 2569 2044 unius
2600 1987 2753 2046 Solis

295 2081 418 2126 est:
457 2080 655 2166 potest
680 2089 806 2126 esse
833 2069 1054 2145 aliquot
1073 2069 1363 2126 horarum.
1445 2070 1579 2133 Qua
1606 2067 1663 2123 in
1694 2076 1858 2143 parte
1886 2063 2257 2122 admirandus
2280 2065 2603 2142 Sophocles
2633 2065 2685 2122 T
2688 2085 2752 2124 e·-

295 2147 651 2221 rentiusque.
735 2145 978 2203 Plautus
1021 2145 1160 2202 vero
1205 2164 1412 2202 novem
1443 2163 1671 2202 menses
1700 2162 1817 2201 uno
1844 2142 2107 2200 dramate
2138 2142 2479 2220 complexus
2506 2139 2635 2201 'estz
2684 2155 2751 2202 ut

290 2223 389 2290 vix
420 2228 600 2296 major
627 2223 988 2300 ampliorque
1019 2222 1356 2279 Homerica:
1385 2222 1595 2278 iliados
1636 2220 1811 2298 quam
1842 2219 2287 2298 Amphytrionis
2330 2221 2404 2278 sit
2448 2222 2750 2297 periodus.

291 2299 624 2360 Alcumena
649 2313 845 2355 autem
873 2296 1133 2374 concipit
1159 2310 1219 2355 et
1239 2299 1416 2378 parit:
1446 2298 1605 2376 quod
1634 2299 1682 2356 si
1710 2301 1878 2356 fleret
1908 2300 2142 2376 ubique,
2174 2299 2331 2357 nullo
2348 2297 2749 2377 episodiojam

289 2395 437 2454 opus
457 2387 646 2434 esset:
689 2374 947 2454 Ideoque
975 2395 1086 2434 nec
1111 2395 1206 2434 ars
1233 2389 1406 2446 esset,
1435 2377 1693 2436 scribere
1720 2376 2088 2434 comoediam.
2170 2377 2558 2454 Praeterquam
2578 2377 2761 2454 quod·

289 2454 364 2516 sit
395 2452 632 2511 monstri
673 2451 871 2520 instar,
925 2466 986 2510 et
1032 2473 1167 2510 cum
1211 2455 1434 2512 ratione
1461 2474 1532 2512 ac
1562 2457 1769 2512 natura
1796 2465 2040 2532 pugnet,
2070 2466 2138 2513 ut
2164 2476 2297 2534 qua:
2322 2455 2489 2514 simul
2516 2467 2579 2514 et
2606 2475 2753 2516 con·

289 2531 467 2608 cipiat
495 2542 554 2590 et
583 2529 786 2607 pariat.
839 2529 1053 2606 Qualia
1081 2532 1358 2588 nonnulla
1381 2533 1436 2588 in
1457 2531 1745 2608 scriptore
1772 2533 1887 2590 hoc
1908 2553 2167 2592 summus
2190 2535 2525 2592 criticorum
2552 2535 2751 2593 Caesar

293 2608 555 2686 Scaliger
580 2609 818 2666 notavit.
901 2614 1104 2686 Atque
1146 2609 1272 2667 haec
1301 2609 1623 2670 vitaverant
1652 2615 1845 2686 poe'tae
1873 2611 2091 2680 Graeci,
2120 2631 2369 2690 quorum
2396 2613 2621 2690 scripta
2648 2613 2749 2672 hic

289 2699 594 2764 tantopere
611 2688 982 2746 commendat
1001 2686 1273 2746 Flaccus:
1305 2689 1589 2748 Technici
1612 2689 1974 2754 Graecorum,
1994 2693 2288 2769 quomodo
2309 2691 2543 2750 vitanda
2558 2703 2753 2750 essent

287 2785 358 2824 ac
387 2766 665 2835 cavenda,
693 2785 848 2843 saepe
875 2766 1244 2826 inculcarunt
1271 2768 1410 2826 suis.
1469 2769 1710 2826 Plautus
1730 2771 2128 2848 susquedeque
2158 2771 2391 2829 habuit:
2426 2784 2488 2828 ut
2512 2771 2567 2827 in
2592 2771 2747 2846 Cap-

289 2845 438 2984 tivizi.
519 2845 711 2920 Quam
739 2845 1020 2905 incuriam
1051 2853 1225 2924 poeta
1269 2847 1404 2906 cum
1452 2847 1695 2921 videret,
1747 2848 2049 2908 continere
2094 2867 2160 2906 se
2201 2868 2317 2908 non
2346 2847 2558 2929 potuit,
2600 2848 2741 2926 quin

287 2943 400 2984 exc
425 2937 679 2986 amaret:

883 3019 967 3051 vos
987 3006 1256 3068 exemplaria
1279 3007 1444 3055 Graeca

737 3067 977 3118 Nocturna
1001 3083 1176 3118 versate
1196 3088 1344 3128 manu,
1369 3083 1549 3120 versate
1570 3070 1730 3120 diurni
1749 3091 1760 3118 ε

366 3135 587 3193 Contra
615 3135 1028 3212 negligentiam
1067 3156 1324 3204 suorum,
1367 3150 1427 3194 et
1477 3137 1759 3194 incuriam
1805 3133 2143 3212 gravissime
2191 3144 2442 3192 taxaret.
2524 3132 2747 3198 Quidni

285 3212 482 3269 enim?
523 3214 624 3291 qui
653 3214 765 3270 hoc
795 3226 918 3270 tum
945 3215 1178 3290 agebat,
1208 3213 1366 3290 quod
1395 3227 1531 3272 ante
1560 3235 1691 3271 eum
1726 3213 2106 3282 Aristoteles,
2136 3212 2236 3290 qui
2266 3213 2481 3291 ubique
2512 3211 2745 3290 Euripi·

286 3290 419 3348 dem
449 3303 508 3348 et
535 3292 678 3348 alios
705 3291 762 3346 in
793 3290 915 3347 istis
957 3291 1368 3366 reprehendit:
1411 3310 1541 3346 nam
1574 3292 1647 3348 de
1688 3291 1930 3349 comicis
1958 3311 2089 3369 quae
2128 3291 2381 3370 scripsit,
2412 3289 2589 3347 hodie
2630 3308 2747 3347 non

279 3379 513 3424 extant.
583 3367 766 3424 Porro
795 3368 962 3424 simul
993 3385 1063 3425 ac
1088 3375 1258 3443 poeta
1278 3367 1569 3424 actionem
1593 3369 1787 3437 habet,
1814 3368 2005 3426 locum
2028 3389 2264 3446 quoque
2295 3382 2355 3427 ut
2384 3367 2603 3427 actioni
2625 3369 2745 3438 det,

285 3461 525 3500 necesse
555 3455 663 3500 est.
747 3445 899 3507 Quia
925 3445 1049 3501 sine
1079 3444 1230 3511 loco,
1259 3444 1383 3500 fieri
1413 3445 1490 3500 nil
1520 3457 1733 3521 potest.
1818 3446 1937 3502 Hic
1966 3463 2158 3506 autem
2199 3449 2384 3516 locus,
2415 3443 2583 3520 mem}
2619 3445 2747 3522 δρά-

279 3537 458 3596 ματος
487 3521 520 3575 a
549 3519 767 3576 criticis
795 3534 1069 3579 vocatur:
1115 3526 1282 3599 cujus
1310 3520 1483 3579 finem
1513 3523 1802 3581 transilire
1830 3523 2013 3582 nefas·
2084 3525 2275 3583 Nemo
2294 3526 2448 3583 enim
2478 3537 2745 3602 tempore

281 3597 508 3664 eodem,
540 3598 696 3674 quod
725 3597 759 3651 a
791 3597 1000 3655 Plauto
1030 3600 1188 3656 recte
1217 3599 1449 3670 dicitur,
1479 3602 1616 3658 alibi
1645 3614 1822 3678 atque
1850 3602 1984 3659 alibi
2009 3604 2221 3661 versari
2252 3615 2471 3679 potest:
2507 3604 2615 3660 nisi
2642 3603 2745 3661 ali-

281 3674 422 3752 quid
453 3685 837 3732 monstrosum
867 3675 968 3731 fiat
999 3675 1056 3731 in
1085 3677 1391 3733 comoedia.
1474 3679 1637 3736 Idem
1679 3692 1894 3748 tamen,
1940 3681 2072 3738 cum
2106 3679 2477 3740 Curculionis
2504 3701 2741 3740 scenam

283 3753 563 3830 Epidauri
595 3752 902 3829 posuisset,
936 3755 1176 3810 Romam
1207 3755 1430 3813 transiit
1472 3755 1531 3813 in
1580 3757 1806 3823 eadem,
1857 3768 1919 3816 et
1965 3758 2023 3814 in
2076 3759 2472 3816 Romanorum
2526 3779 2735 3829 mores,

275 3849 468 3888 scenae
496 3851 615 3888 suae
649 3833 769 3907 jam
801 3829 1036 3899 oblituS,
1065 3831 1244 3889 libere
1276 3831 1603 3892 invehitur:
1648 3847 1707 3893 et
1737 3833 1994 3912 quidem,
2026 3847 2089 3893 ut
2118 3833 2342 3912 antiqui
2370 3837 2608 3906 comici,
2640 3831 2741 3896 tri·

279 3907 484 3966 butim.
545 3910 633 3966 lta
656 3919 720 3965 ut
741 3921 802 3966 et
817 3909 1047 3986 singula
1065 3909 1357 3969 describat
1376 3911 1508 3970 loca
1528 3916 1647 3970 Act
1672 3913 1775 3970 IV.
1801 3917 1974 3970 scen.
1996 3912 2262 3990 AEdepol.
2302 3915 2342 3973 J
2346 3933 2435 3971 arn
2454 3912 2532 3971 τὰ
2548 3905 2739 3992 ἄλογα

273 3985 331 4044 in
361 3985 571 4044 fabulis
601 3987 772 4064 quam
805 3987 986 4046 multa
1007 3989 1036 4044 ?
1105 3989 1196 4046 Ita
1222 4007 1390 4056 voco,
1421 4011 1552 4068 quae
1580 3991 1658 4047 nil
1691 3991 1997 4050 verisimile
2018 3993 2253 4050 habent.
2324 3993 2471 4052 Tale
2494 4007 2604 4062 est,
2632 3995 2738 4052 So·

273 4064 476 4124 siclem
521 4065 995 4136 Menaechmum3
1036 4067 1136 4144 qui
1177 4067 1402 4126 veniret
1429 4070 1460 4125 ὲ
1493 4069 1711 4138 Sicilia,
1755 4083 2086 4148 surreptum
2129 4071 2270 4129 item
2303 4071 2399 4150 qui
2446 4072 2504 4129 in
2534 4071 2738 4148 Illyria

259 4150 382 4220 jam
405 4143 711 4212 habitaret,
739 4144 959 4215 habitu,
984 4147 1190 4204 eodem
1216 4161 1498 4224 tempore,
1524 4149 1606 4206 ita
1632 4148 1802 4206 simili
1826 4149 2020 4216 fuisse,
2055 4163 2118 4209 ut
2147 4150 2414 4227 dignosci
2443 4151 2477 4206 ὲ
2503 4163 2737 4227 specta-

271 4224 496 4283 toribus
525 4241 638 4280 non
665 4233 938 4298 possent:
971 4224 1108 4282 cum
1133 4224 1211 4281 nil
1239 4224 1423 4283 simile
1445 4226 1731 4285 haberent
1760 4228 1884 4284 istoe
1911 4239 2138 4304 gentes.
2208 4231 2385 4296 Quod
2414 4229 2636 4298 vitium,
2660 4247 2736 4284 ne

265 4303 304 4360 a
333 4303 592 4380 chorago
618 4300 852 4380 quidem
882 4302 1178 4361 emendari
1207 4314 1419 4381 potest.
1504 4305 1655 4363 Nam
1689 4306 2118 4386 Amphitryone
2162 4307 2498 4368 Mercurius
2526 4317 2587 4364 et
2623 4307 2663 4365 J
2670 4301 2751 4362 u-'

268 4383 424 4459 piter
451 4382 530 4439 dii
559 4390 720 4439 sunt:
766 4379 976 4456 quibus
1005 4381 1202 4439 omnia
1227 4381 1494 4450 concedi,
1523 4385 1698 4442 etiam
1728 4383 1847 4454 hic,
1875 4385 2093 4445 solent:
2138 4407 2321 4466 quare
2348 4388 2647 4444 incurrere
2674 4383 2734 4440 τὸ

267 4468 474 4535 αλογον
503 4479 617 4517 non
650 4470 910 4538 possunt.
981 4459 1098 4518 Ubi
1129 4459 1282 4518 enim
1311 4461 1389 4518 dii
1419 4474 1623 4540 agunt,
1653 4475 1845 4524 cessat
1869 4465 2040 4524 ratio.
2108 4466 2354 4531 Quidvis
2382 4464 2534 4522 enim
2558 4481 2731 4540 posse

263 4554 387 4604 eos,
419 4555 590 4596 nemo
619 4552 707 4597 est
777 4538 833 4596 ui
863 4557 979 4616 non
1009 4538 1301 4618 intelligit.
1353 4541 1419 4598 ln
1451 4541 1753 4612 Terentio,
1780 4543 1879 4603 cui
1906 4543 2015 4604 soli
2042 4554 2226 4601 artem
2257 4543 2503 4600 Flaccus
2532 4552 2731 4599 noster
2782 4613 2788 4618 ,

253 4611 595 4686 assignavit,
636 4559 774 4673 nihil
817 4617 953 4675 tale.
1035 4617 1250 4685 Omnia
1279 4639 1411 4678 cum
1453 4622 1701 4696 judicio,
1732 4642 1865 4681 cum
1896 4622 2139 4688 ratione,
2170 4619 2617 4694 circumspecte,
2649 4637 2725 4674 ex

262 4695 407 4752 arte,
437 4700 647 4747 etcum
667 4699 823 4752 cura.
885 4696 1038 4755 Nam
1069 4711 1127 4756 et
1159 4699 1367 4758 fabulae
1395 4699 1681 4780 insignem
1709 4702 1831 4760 fere
1861 4721 1993 4760 cum
2023 4699 2319 4776 agnitione
2342 4695 2723 4751 mutationem

257 4759 505 4816 habent:
551 4785 692 4840 quas
739 4771 890 4830 inter
919 4773 1020 4841 τὰς
1061 4775 1139 4852 μὴ
1171 4776 1358 4845 cirsai}
1386 4780 1508 4838 sive
1535 4779 1948 4858 πεπλεγμέναις,
1978 4795 2106 4838 esse
2134 4771 2588 4851 perfectissimas
2619 4790 2721 4828 ne-
