3067 4959
343 328 447 394 viii
1200 319 1936 388 PROLEGOMENA

344 503 685 568 persuasum
712 501 841 544 esse
867 478 1079 552 videm
1118 482 1245 542 fieri
1288 483 1554 559 potuisse
1581 493 1648 540 ut
1675 491 1895 542 secutus
1919 482 1994 541 sit
2039 482 2357 560 Scipionem
2385 483 2560 542 trium
2600 484 2838 552 hausen·

355 565 676 635 Terentius,
695 563 845 642 pileo
871 562 1049 641 capiti
1071 561 1349 641 imposito,
1366 563 1628 642 omnique
1641 561 1845 621 deinde
1865 561 2002 629 vitei,
2031 571 2095 618 ut
2115 563 2350 641 dignum
2371 572 2519 630 erat,
2569 563 2846 626 ibertatie

346 655 631 706 auctorem
678 641 939 700 coluerit.
1019 639 1129 698 Illa
1154 641 1351 709 verba,
1380 660 1513 718 quae
1555 639 1705 698 Livii
1735 651 1892 711 sunt,
1933 639 2178 698 editioni
2218 659 2358 711 suae,
2389 659 2522 718 quae
2563 643 2838 700 omnium

346 723 690 804 politissima
714 731 806 777 est
832 730 893 777 et
932 718 1353 790 venustissima,
1400 719 1652 798 praefixit
1679 718 1765 776 vir
1807 717 2176 784 clarissimus,
2215 722 2385 796 cujus
2425 719 2647 778 nomini
2687 739 2832 798 par-

348 801 622 864 cendum.
706 799 857 856 Sunt
885 809 1079 856 autem
1110 797 1207 856 illa
1233 816 1311 856 ex
1354 798 1523 856 Livio
1565 797 1666 855 lib.
1713 816 1858 856 xxx.
1943 797 2104 866 etita,
2155 798 2256 856 sed
2304 817 2436 877 quae
2481 798 2540 858 in
2582 799 2826 876 poetam

346 892 611 940 nostrum
638 877 794 934 haud
824 875 1212 936 conveniant:
1254 877 1303 934 is
1328 877 1484 934 enim
1514 876 1849 944 Terentius,
1919 895 1952 934 e
1979 895 2098 953 quo
2137 876 2352 954 agitur,
2395 889 2537 935 tunc
2583 889 2828 936 senator

349 969 497 1021 erat,
528 968 594 1015 ut
620 975 699 1012 ex
728 955 979 1033 ipsomet
1018 953 1187 1012 Livio
1216 967 1481 1022 constat;
1522 954 1736 1014 deinde
1763 965 1999 1033 praetor,
2041 954 2176 1012 dein
2217 955 2448 1032 legatus
2491 973 2727 1033 quoque
2759 956 2836 1014 Ρ.

352 1037 429 1096 Β.
462 1033 879 1110 Carthaginem
908 1033 1114 1091 missus
1142 1045 1251 1092 est.
1333 1033 1511 1092 Adde
1541 1033 1702 1110 quod
1745 1045 1804 1092 et
1835 1033 2071 1092 nomina
2113 1033 2342 1092 diversa
2381 1034 2652 1111 utrique;
2693 1053 2840 1092 nam

350 1121 526 1193 poeta
554 1113 746 1171 dictus
774 1125 883 1180 est,
932 1112 999 1170 P.
1030 1111 1363 1178 Terentius,
1403 1111 1501 1170 ille
1543 1110 1710 1180 alter,
1755 1113 2012 1178 Quintus
2055 1113 2368 1170 Terentius
2395 1111 2626 1173 Culleo.
2709 1111 2844 1172 Sed

352 1193 598 1252 Orosius
617 1203 811 1250 tamen
832 1189 1049 1250 diserte
1067 1191 1319 1268 scripsit:
1348 1191 1560 1268 Scipio,
1569 1194 1702 1268 jam
1719 1201 2080 1268 cognomento
2097 1193 2149 1249 A
2131 1192 2431 1268 fricanus,
2451 1191 2840 1270 triumphum,

365 1271 573 1334 Urbem
598 1271 889 1348 ingressus
914 1277 1016 1332 est.
1060 1290 1219 1347 quem
1257 1269 1581 1338 Terentiae,
1609 1270 1709 1347 qui
1741 1279 1938 1349 postea
1972 1270 2247 1339 Comicnr,
2277 1289 2348 1328 ex
2373 1267 2650 1328 nobilibus
2681 1270 2842 1328 Car-

348 1350 767 1428 theg-immitam
794 1347 1051 1427 captivis,
1076 1347 1337 1422 pileatus,
1362 1349 1515 1424 quod
1539 1346 1780 1406 indultae
1793 1347 1903 1406 sibi
1921 1345 2202 1406 libertatis
2228 1348 2453 1437 insigne
2451 1348 2612 1424 ficit,
2629 1348 2842 1406 trium-

341 1427 612 1509 phantem
637 1435 765 1506 post
792 1445 1022 1486 currum
1050 1435 1269 1485 secutus
1296 1437 1398 1484 est.
1478 1426 1596 1492 Ita,
1637 1425 1896 1504 inquam,
1938 1425 2170 1503 scripsit
2199 1425 2466 1498 Orosius,
2494 1424 2600 1482 sed
2629 1425 2712 1490 nil
2739 1439 2843 1486 est

392 1505 511 1566 uod
540 1505 575 1561 ὲ
600 1523 739 1564 vero
764 1503 951 1580 tnagis
976 1503 1229 1562 alienum
1274 1504 1375 1571 sit;
1416 1522 1609 1580 neque
1651 1503 1764 1562 hoc
1808 1503 1866 1560 in
1915 1503 2128 1562 Orosio
2171 1523 2408 1563 novum.
2491 1503 2556 1562 Si
2597 1503 2846 1562 Livium

350 1527 663 1661 diligenter
728 1581 1137 1652 consuluisset,
1192 1581 1310 1640 tale
1365 1581 1505 1658 quid
1559 1581 1716 1638 haud
1775 1599 2028 1658 unquam
2085 1581 2437 1662 scripsisset.
2547 1583 2704 1641 Dein
2763 1601 2844 1641 ea

348 1662 566 1732 fabula,
595 1661 832 1739 quoquo
858 1659 1015 1719 illam
1044 1671 1257 1729 vertas,
1283 1671 1439 1718 stare
1468 1677 1584 1715 non
1613 1670 1848 1734 potest;
1887 1677 2021 1716 nam
2049 1660 2208 1736 prior
2239 1661 2440 1738 Scipio
2467 1680 2621 1719 anno
2651 1660 2844 1722 Urbis

351 1759 518 1802 nur.
544 1739 958 1816 triumphavit;
1001 1751 1063 1796 at
1091 1739 1229 1798 cum
1258 1740 1330 1796 ab
1361 1737 1678 1794 AEmiliano
1707 1749 1880 1827 capta
1922 1735 2034 1794 fuit
2065 1737 2386 1816 Carthago,
2429 1747 2606 1818 poeta
2633 1749 2844 1796 noster

340 1823 467 1898 jam
492 1819 615 1878 fato
640 1818 881 1876 functus
904 1815 1119 1884 fuerat,
1151 1813 1237 1874 uti
1263 1815 1538 1894 superius
1565 1815 1823 1884 ostend13
1849 1814 2016 1892 sique
2043 1815 2238 1874 adhuc
2255 1818 2312 1873 in
2335 1818 2478 1878 vivis
2501 1829 2647 1886 erat,
2669 1817 2840 1895 quod

350 1899 557 1958 contra
580 1909 693 1968 est,
736 1897 944 1956 Romae
972 1907 1115 1954 tunc
1142 1895 1355 1954 florere
1382 1893 1608 1952 debuit.
1691 1895 1942 1952 Videtur
1986 1907 2181 1952 tamen
2227 1907 2288 1954 et
2329 1894 2384 1952 ei
2434 1895 2652 1956 rumori
2700 1914 2842 1956 sese

350 1977 656 2038 credulum
698 1974 1015 2054 praebuisse
1044 1973 1475 2040 Quinctilianus
1516 1971 1967 2032 Declamatione
1999 1991 2108 2044 ix„
2143 1973 2242 2032 cui
2291 1975 2628 2052 responderi
2672 1974 2844 2034 haud

354 2075 597 2116 necesse
624 2067 737 2122 est,
766 2072 897 2112 nam
928 2054 1161 2114 abunde
1188 2052 1411 2112 dictum
1442 2051 1710 2110 arbitror.

765 2229 1149 2293 JUDICIA
1197 2226 1676 2292 VETERUM
1721 2229 1854 2295 DE
1899 2229 2418 2293 TERENTIO.

861 2315 1125 2384 VARRO,
1156 2315 1541 2372 Parmenone.
1599 2315 1855 2374 Nouius
1883 2315 1942 2372 in
1974 2316 2246 2373 Poscere.

431 2393 507 2452 Iu
537 2391 897 2470 argumentis
920 2392 1192 2453 Caecilius
1220 2390 1411 2472 poscit
1440 2392 1722 2470 palmam3
1749 2395 1806 2450 in
1836 2392 2062 2452 ethesin
2093 2392 2435 2461 Terentium
2460 2391 2520 2450 in
2549 2402 2852 2458 sermoni..

354 2473 464 2530 bus
495 2471 760 2530 Plautus.

962 2551 1213 2609 Crcnno
1246 2551 1319 2608 de
1350 2551 1596 2628 Optimo
1625 2553 1862 2610 Genere
1893 2553 2232 2612 Oratorum.

433 2629 501 2686 In
532 2649 595 2687 re
624 2629 783 2707 quod
813 2627 1093 2706 optimum
1122 2629 1198 2688 sit
1226 2629 1535 2708 quaeritur:
1569 2631 1624 2687 in
1655 2631 1984 2690 hominibus
2006 2629 2242 2698 dicitur,
2261 2629 2419 2708 quod
2445 2642 2552 2688 est.
2625 2635 2848 2712 Itaque

352 2706 492 2765 licet
512 2707 733 2777 dicere,
752 2719 813 2766 et
835 2707 1087 2766 Ennium
1110 2727 1396 2766 summum
1431 2708 1680 2785 Epicum
1706 2715 1958 2786 poetam,
1979 2707 2025 2765 si
2049 2709 2145 2766 cui
2167 2706 2250 2765 ita
2275 2709 2534 2778 videtum
2561 2722 2621 2768 et
2641 2712 2850 2770 Pacu-

351 2785 507 2843 vium
539 2785 891 2863 Tragicurm
931 2799 991 2844 et
1036 2787 1332 2846 Caecilium
1378 2786 1622 2844 fortasse
1665 2787 1991 2844 Comicum.
2077 2786 2276 2844 Unum
2323 2787 2464 2843 vero
2508 2800 2597 2846 est
2645 2809 2846 2867 genus

353 2863 621 2942 perfecti,
649 2865 684 2920 ὲ
711 2884 828 2943 quo
858 2865 958 2944 qui
986 2867 1217 2936 absunt,
1248 2883 1465 2946 genere
1494 2864 1786 2934 differunt,
1833 2875 1898 2922 ut
1925 2864 1998 2921 ab
2030 2863 2202 2920 Attio
2241 2863 2558 2925 Terentius
2583 2885 2597 2924 z
2639 2868 2744 2926 sed
2775 2868 2846 2928 in

352 2941 559 3000 eodem
590 2961 705 3000 non
734 2955 871 3002 sunt
898 2963 1088 3022 pares.

1446 3021 1524 3079 Et
1553 3020 1722 3081 infra.

432 3099 593 3159 Idem
624 3111 685 3159 et
714 3101 999 3164 Andriam
1029 3113 1091 3161 et
1135 3101 1541 3178 Synephebos,
1594 3121 1706 3159 nec
1754 3101 1947 3158 minus
1997 3099 2340 3159 Terentium
2393 3112 2453 3158 et
2506 3100 2836 3171 Caecilium,

352 3179 524 3257 quem
572 3179 966 3238 Menandrum
994 3181 1221 3256 legunt.
1304 3178 1485 3243 Quod
1512 3191 1603 3236 est
1628 3180 1808 3255 igitur
1849 3197 2050 3237 eorum
2080 3179 2138 3235 in
2171 3179 2526 3238 orationibus
2553 3180 2587 3236 ὲ
2615 3180 2844 3238 Graeco

354 3257 649 3316 conversis
674 3257 993 3324 festidium,
1023 3256 1245 3312 nullum
1278 3255 1415 3311 cum
1445 3255 1519 3311 sit
1547 3255 1606 3310 in
1634 3256 1896 3313 versibus
1917 3257 1946 3311 Ρ

1118 3347 1253 3406 Lib.
1282 3347 1424 3404 VII.
1457 3347 1648 3424 Epist.
1675 3355 1732 3406 3.
1762 3349 1834 3407 ad
1869 3351 2054 3408 Attio.

436 3427 691 3484 Secutus
710 3443 859 3494 sum,
881 3443 999 3482 non
1022 3424 1156 3482 dico
1178 3423 1502 3494 Caecilium,
1528 3433 1544 3458 ‘
1565 3425 1743 3483 Mane
1773 3439 1839 3486 ut
1871 3449 1947 3486 ex
1979 3445 2152 3507 portu
2182 3434 2238 3490 in
2266 3429 2589 3500 Piraeeum,’
2617 3433 2842 3500 (malus

354 3504 507 3562 enim
535 3515 744 3560 auctor
772 3501 1106 3562 Latinitatis
1134 3505 1273 3575 est,)
1299 3502 1401 3561 sed
1430 3503 1808 3565 Terentium:
1851 3511 2019 3586 cujus
2047 3509 2296 3581 fabellae,
2327 3521 2566 3588 propter
2593 3510 2836 3589 elegan-

354 3582 491 3642 tiam
540 3580 844 3650 sermoniS,
872 3581 1230 3658 putabantur
1278 3581 1312 3638 ὁ.
1355 3583 1425 3642 C.
1464 3581 1650 3642 Laelio
1685 3585 1882 3656 scribi,
1925 3585 2113 3648 ‘Heri
2160 3589 2381 3668 aliquot
2408 3590 2838 3649 adolescentuli

356 3661 584 3720 coimus
612 3659 670 3717 in
700 3657 1027 3718 Piraeeum.’

1143 3737 1209 3795 ln
1243 3738 1445 3811 Laelio,
1476 3759 1553 3798 ex
1582 3745 1831 3819 persons
1859 3743 2044 3803 Laelii.

433 3815 500 3872 In
560 3815 787 3874 Andria
840 3814 1133 3874 familiaris
1188 3837 1350 3876 meus
1406 3819 1719 3880 Terentius
1773 3822 1944 3880 dixit.
2031 3823 2106 3880 Et
2163 3843 2299 3879 mox
2325 3843 2340 3879 ι
2397 3823 2465 3880 In
2525 3823 2832 3904 obsequio,

354 3893 628 3971 quoniam
658 3894 1017 3954 Terentiano
1042 3895 1222 3953 verbo
1250 3897 1501 3956 libenter
1529 3911 1684 3966 utor,
1717 3900 1960 3958 coniitas
1987 3900 2158 3960 adsit.

904 3990 1284 4062 Ηοηᾼτιυε,
1314 3992 1413 4050 lib.
1438 3993 1521 4050 11.
1552 3993 1744 4072 Epist.
1768 3995 1816 4052 Ι.
1847 3993 1922 4052 ad
1954 3997 2312 4073 Augustum.

610 4068 873 4130 Ambigitur
893 4071 1080 4131 quotie&
1106 4077 1204 4118 uter
1228 4078 1328 4118 utro
1352 4072 1409 4117 sit
1430 4072 1582 4133 prior;
1617 4072 1764 4120 aufert

615 4131 839 4180 Pacuvius
861 4134 980 4180 docti
1002 4133 1166 4183 famam
1192 4135 1325 4189 senis,
1350 4136 1520 4181 Accius
1541 4137 1650 4194 alti3

613 4195 797 4242 Dicitur
819 4197 980 4245 Afrani
1002 4207 1113 4260 toga
1129 4200 1395 4245 convenisse
1416 4197 1704 4256 Menandr03

614 4258 803 4306 Plautus
822 4263 879 4307 ul
899 4263 1127 4322 exernplar
1148 4262 1285 4308 Siculi
1304 4277 1546 4324 properare
1565 4263 1856 4324 Epicharmi:

613 4323 811 4372 Vincere
833 4323 1045 4372 Caecilius
1066 4327 1301 4386 gravitate„
1324 4325 1566 4374 Terentius
1585 4336 1712 4382 ιιι-τες

612 4387 718 4436 Hos
740 4389 907 4442 ediscit.
929 4397 976 4438 et
997 4389 1081 4435 hos
1104 4397 1228 4438 arcto
1250 4391 1411 4452 stipata
1433 4391 1606 4438 theatro

613 4453 794 4516 Spectat
816 4452 967 4500 Roma
986 4451 1210 4516 frequens.

1156 4517 1468 4587 ovunus,
1498 4519 1596 4577 lib.
1625 4519 1708 4576 11.
1737 4518 2037 4580 Tristium.

546 4595 649 4642 ‚Nec
670 4595 779 4644 liber
800 4597 1010 4644 indicium
1034 4605 1103 4644 est
1125 4597 1259 4644 animi
1280 4614 1294 4654 ς
1329 4597 1405 4656 §ed
1428 4599 1615 4647 honesta
1638 4599 1845 4647 voluntas

611 4659 811 4710 piurima
830 4662 1077 4710 mulcendis
1096 4663 1273 4710 auribus
1292 4669 1394 4725 apta
1416 4663 1566 4712 refert.
