3067 4959
414 298 546 371 ‘xlv'i
1264 297 1993 370 PROLEGOMENA

416 472 727 534 testantur,
754 471 816 522 et
842 457 994 522 ratio
1020 457 1240 520 indicat
1270 461 1582 541 loquendi:
1625 461 1850 521 dictum
1879 473 2074 520 tamen
2115 457 2178 520 id
2201 460 2494 542 interpres
2535 470 2712 540 putat
2743 479 2904 520 con-

412 542 725 601 suetudine
751 560 845 599 ma
889 539 954 608 is,
984 539 1159 619 quim
1186 539 1413 598 ratione
1438 563 1453 598 ε
1482 541 1640 619 qudd
1667 541 1716 600 si
1743 537 2180 600 consuetudinis
2205 541 2267 599 id
2293 552 2405 612 est,
2433 559 2550 600 non
2577 539 2902 618 scripture

412 620 637 690 vitium,
668 561 978 679 ostendere
1006 618 1231 690 debuit,
1259 630 1363 678 aut
1388 617 1529 678 alibi
1560 619 1902 678 Terentium
1929 619 2013 678 sic
2040 619 2361 696 scripsisse,
2389 631 2492 678 aut
2519 617 2898 679 comicorum

414 699 650 758 omnino
678 717 831 778 quen
878 716 1012 756 uam
1040 697 1125 755 ita
1148 696 1411 755 locutum
1438 716 1730 775 ;·quorum
1758 697 1834 756 de
1863 697 2054 755 medio
2081 709 2315 777 sumpta
2341 708 2432 756 est
2458 696 2646 756 omnis
2677 697 2892 754 oratio.

413 777 699 842 Quintum
726 776 1075 835 versiculum
1118 775 1431 834 iambicum
1461 793 1590 833 esse
1631 785 1776 853 puto
1803 775 2205 834 octonarium:
2247 777 2284 837 ἃ
2310 795 2428 857 quo
2456 795 2588 857 quae
2615 775 2898 836 detracta

410 867 568 928 sunt,
592 854 860 934 sequenti
888 854 1123 931 adjecta
1150 864 1285 912 sunt
1312 851 1525 912 versui.
1607 855 1700 912 Ita
1726 872 1870 932 ergo
1895 853 2170 930 legimus:

670 949 760 997 Per
781 957 955 997 ecastor
976 945 1107 996 scitu·
1132 964 1241 1011 puer
1262 949 1391 995 natu’
1412 956 1483 995 est
1503 941 1766 1010 Pamphilo:
1804 965 1958 1013 quaeso
1981 947 2090 998 deos

670 1013 905 1077 Superstes
924 1021 973 1060 ut
995 1013 1092 1068 siet,
1112 1013 1467 1076 quandoquidem
1490 1013 1588 1074 ipse
1605 1021 1676 1060 est
1695 1013 1878 1075 ingenio
1897 1015 2036 1061 bono.

412 1089 610 1174 Magis
636 1115 729 1154 res
756 1105 883 1152 erat
910 1093 1218 1172 desperata
1248 1091 1413 1152 actfis
1443 1092 1637 1172 quarti
1663 1092 1852 1166 initio,

664 1189 874 1238 Hoccine
895 1189 1102 1236 credibile
1122 1197 1205 1245 est,
1226 1197 1307 1236 aut
1326 1189 1629 1244 memorabile,

663 1255 815 1303 Tanta
835 1253 1043 1301 vecordia
1062 1255 1215 1300 innata
1235 1254 1441 1316 cuiquam
1464 1265 1515 1300 ut
1535 1255 1635 1308 siet,

666 1315 738 1366 Ut
758 1319 886 1365 malis
906 1319 1145 1380 gaudeant,
1165 1327 1301 1380 atque
1318 1333 1379 1364 ex
1394 1317 1694 1365 incommodis

664 1383 868 1432 Alterius
890 1397 972 1430 sua
994 1381 1059 1430 uti
1080 1397 1181 1429 eom
1264 1391 1343 1430 ent
1360 1383 1602 1430 commoda
1615 1383 1638 1428 ‘1’
1671 1383 1742 1437 bs,

664 1447 780 1496 Idne
800 1462 959 1493 verum
980 1456 1049 1494 est
1063 1446 1087 1492 i>
1118 1447 1211 1494 imo
1230 1447 1278 1492 id
1296 1461 1444 1508 genus
1464 1447 1698 1493 hominum
1721 1453 1790 1492 est
1807 1446 2068 1508 pessimum,
2091 1447 2138 1494 in

664 1508 952 1572 Denegando
974 1507 1108 1558 modd
1128 1510 1253 1572 queis
1274 1509 1418 1571 pudor
1439 1519 1509 1557 est
1528 1511 1758 1571 paululum
1777 1528 1790 1557 ε

662 1573 779 1622 Pdst
800 1575 871 1620 ubi
894 1583 962 1621 est
984 1583 1160 1637 tempus
1180 1575 1400 1636 promissa
1411 1576 1508 1638 jam
1530 1573 1695 1635 perfici,

659 1636 783 1685 Tum
808 1635 1057 1685 necessat-id
1080 1653 1178 1685 sese
1196 1638 1411 1700 aperiunt,
1434 1646 1481 1684 et
1504 1639 1676 1693 timent,

660 1701 732 1752 Et
754 1712 901 1749 tamen
921 1717 993 1749 res
1014 1703 1139 1766 cogit
1158 1703 1397 1762 denegare.
1460 1699 1532 1748 lbi

658 1766 781 1814 Tum
803 1767 1185 1830 impudentissima
1202 1781 1358 1812 eorum
1382 1767 1524 1814 oratio
1547 1774 1630 1822 est,

660 1831 780 1886 Quis
800 1839 853 1878 tu
872 1831 959 1878 es?
992 1832 1092 1892 quis
1112 1830 1221 1877 mihi
1242 1830 1326 1878 es?
1358 1846 1440 1878 cur
1460 1845 1608 1878 meam
1631 1830 1744 1878 tibi?
1775 1832 1888 1880 heus

660 1893 903 1943 Proximus
924 1911 1025 1942 sum
1045 1903 1228 1957 egomet
1248 1895 1372 1942 mihi.
1437 1893 1671 1950 Attamen,
1697 1897 1768 1943 ubi
1791 1895 1902 1944 fides

660 1959 708 2005 Si
732 1975 879 2022 roges,
904 1960 1012 2006 nihil
1030 1959 1200 2022 pudet3
1231 1955 1321 2014 hic,
1344 1960 1419 2006 ubi
1438 1971 1554 2022 opus
1575 1968 1658 2015 est,

657 2021 771 2071 Non
792 2031 1033 2071 verentur:
1072 2022 1179 2082 illic,
1201 2024 1275 2070 ubi
1296 2024 1409 2070 nihil
1426 2039 1544 2086 opus
1563 2032 1648 2080 est,
1669 2023 1730 2071 ibi
1749 2031 1979 2072 verentur.

478 2103 740 2166 Primum
766 2114 1199 2181 pentametrum
1240 2103 1554 2163 iambicum
1580 2104 1725 2163 fecit
1765 2105 2065 2177 Erasmus,
2137 2125 2242 2165 uos
2269 2106 2456 2165 nullos
2483 2104 2720 2184 scripsit
2751 2104 2878 2166 Te·-

401 2182 658 2243 rentius:
704 2192 1020 2259 sequentes
1050 2181 1197 2239 duos
1238 2182 1517 2240 dimetros
1563 2183 1814 2242 creticos
1831 2203 1848 2238 ε
1893 2183 2050 2261 quod
2128 2197 2298 2242 taceo
2343 2203 2546 2242 eorum
2588 2203 2877 2244 versuum

402 2279 530 2321 esse
556 2260 861 2320 authorem
890 2259 1233 2336 Erasmum)
1266 2259 1392 2318 fieri
1420 2259 1656 2318 minime
1680 2271 1912 2339 potest=
1955 2259 2095 2319 edm
2121 2271 2292 2339 atque
2317 2281 2386 2319 esc
2409 2262 2492 2330 in,
2521 2263 2878 2334 molossum,

399 2353 517 2398 non
542 2338 846 2408 creticum,
866 2336 1153 2396 efficiant:
1198 2349 1449 2416 quatuor
1472 2351 1786 2418 sequentes
1814 2338 1915 2418 qui
1939 2349 2135 2398 essent
2159 2357 2275 2397 non
2303 2337 2559 2397 notavit:
2607 2343 2879 2402 creticos

402 2419 567 2477 certe
616 2417 895 2476 dimetros
942 2415 1142 2475 dicere
1182 2435 1300 2475 non
1343 2427 1558 2495 potest.
1639 2418 1711 2476 In
1751 2437 1909 2477 nono
1934 2437 2106 2478 versu
2133 2417 2337 2476 deesse
2363 2415 2585 2494 aliquid
2607 2419 2879 2494 putavit,

400 2497 558 2576 qudd
627 2515 693 2555 ro
720 2495 945 2555 cretico
970 2506 1183 2573 quarto
1207 2495 1435 2554 iambus
1462 2507 1800 2574 poneretur.
1883 2498 1970 2557 At
2013 2517 2107 2557 res
2151 2495 2322 2574 cogit,
2361 2507 2566 2554 eratne
2609 2496 2882 2556 creticus

398 2593 579 2634 secun
624 2594 713 2643 us,
742 2584 811 2632 ut
835 2592 943 2650 pro
970 2583 1185 2651 quarto
1254 2574 1467 2633 ositum
1493 2574 1722 2634 diceret
1744 2574 2040 2634 iambum?
2121 2574 2193 2633 In
2221 2574 2452 2632 decimo
2471 2573 2729 2634 creticos
2753 2587 2882 2635 tres

396 2653 642 2722 notavit,
662 2651 763 2731 qui
786 2651 887 2710 ubi
914 2663 1129 2722 essent,
1150 2671 1222 2710 ve
1246 2652 1359 2710 lem
1386 2651 1656 2732 profect&
1681 2652 2018 2726 indicasset,
2046 2673 2122 2712 ne
2149 2671 2256 2712 nos
2281 2653 2340 2710 in
2369 2652 2688 2732 quaerendo
2715 2653 2878 2714 frus-

398 2731 493 2790 tr&
517 2731 965 2789 laborassemus.
1043 2730 1114 2788 In
1136 2730 1449 2790 undecimo
1470 2743 1538 2788 ut
1556 2729 1616 2788 in
1637 2750 1814 2802 nono,
1844 2752 1953 2811 pro
1974 2731 2198 2791 cretico
2215 2743 2424 2811 quarto
2445 2730 2702 2789 iambum
2727 2732 2874 2810 poni

394 2807 642 2867 notavit.
722 2806 1006 2877 Primum,
1030 2806 1079 2866 si
1104 2808 1165 2866 in
1190 2827 1348 2867 nono
1366 2829 1483 2901 pro
1512 2809 1738 2869 cretico
1765 2829 1895 2869 esse
1919 2809 2174 2869 iambum
2198 2811 2463 2888 putabat,
2484 2809 2642 2887 qubd
2667 2809 2874 2869 versui

396 2885 606 2944 deesse
650 2883 871 2963 aliquid
918 2884 1234 2958 videretur,
1281 2889 1425 2967 quid
1469 2888 1572 2946 hic
1611 2887 1984 2948 commissum
2011 2900 2103 2947 est
2127 2887 2354 2966 flagitii,
2383 2900 2452 2945 ut
2477 2887 2578 2966 qui
2605 2887 2870 2946 creticus

398 2981 528 3022 esse
554 2961 857 3034 debuerat,
883 2963 1077 3024 factus
1100 2965 1177 3024 sit
1202 2965 1465 3026 iambus?
1546 2967 1700 3026 Tum
1728 2969 1886 3038 vero,
1913 2966 2040 3046 quis
2065 2975 2130 3025 tu
2155 2986 2234 3035 es,
2261 2965 2548 3025 creticum
2575 2965 2707 3044 quis
2735 2985 2868 3024 esse

392 3041 637 3112 dixerit,
684 3061 757 3102 ac
804 3061 920 3101 non
964 3043 1163 3123 potius
1204 3045 1544 3124 spondeum
1565 3044 1596 3103 P
1675 3047 1716 3105 J
1719 3065 1810 3105 am
1858 3047 1918 3104 in
1967 3064 2138 3104 versu
2178 3043 2448 3122 sequenti
2477 3043 2578 3102 ubi
2608 3055 2866 3122 quatuor

390 3121 650 3180 cretici?
676 3121 777 3182 ubi
804 3121 863 3180 in
890 3121 1011 3194 illo,
1042 3123 1111 3182 si
1134 3143 1317 3202 roges,
1342 3125 1447 3198 &c-
1470 3123 1632 3182 tres?
1659 3135 1846 3195 estne,
1869 3123 2020 3184 nihil
2035 3124 2233 3203 pudet,
2259 3121 2556 3181 creticus?
2583 3122 2865 3200 equidem

394 3218 513 3258 non
540 3200 809 3260 arbitror.
890 3201 1239 3260 Extremum
1266 3219 1395 3260 esse
1420 3202 1606 3261 voluit
1630 3201 1996 3262 trochaicum
2023 3213 2383 3271 scazontem,
2409 3199 2629 3259 addere
2656 3201 2866 3260 debuit

396 3277 829 3348 catalecticum,
882 3295 1031 3354 quos
1078 3277 1267 3336 nullos
1316 3278 1554 3356 scripsit
1599 3279 1933 3337 Terentius.
2013 3279 2148 3355 Ego
2189 3299 2392 3338 omnes
2435 3297 2563 3338 esse
2606 3278 2864 3337 arbitror

392 3355 677 3414 iambicos
722 3366 1113 3424 tetrametros,
1158 3355 1274 3413 hoc
1320 3365 1434 3419 est,
1474 3355 1808 3414 octonarios
1847 3355 1970 3413 sive
1997 3356 2336 3433 quadratos,
2364 3357 2564 3436 quales
2589 3367 2732 3415 sunt
2759 3357 2866 3436 qui

388 3444 721 3508 sequuntur
746 3450 947 3490 omnes
974 3451 1159 3510 usque
1184 3431 1258 3491 ad
1298 3432 1614 3505 trimetros,
1661 3433 1874 3511 quibus
1921 3433 2074 3510 pene
2121 3433 2417 3494 clauditur
2459 3455 2656 3495 scena.
2739 3436 2865 3495 Le·-

392 3507 621 3585 gendos
643 3519 843 3568 autem
868 3509 954 3568 ita
978 3529 1213 3582 censeo,

652 3609 863 3658 Haecine
882 3612 1101 3670 credibile,
1122 3621 1201 3662 sut
1220 3613 1520 3670 memor-abne.
1542 3621 1668 3664 tanta
1687 3621 1740 3663 ut
1759 3614 1964 3678 cuiquam
1985 3614 2195 3664 vecordia

650 3674 817 3723 lunata
836 3675 934 3732 siet,
958 3685 1009 3724 ut
1090 3679 1222 3727 udeat
1242 3679 1384 3735 malis,
1407 3689 1542 3741 atque
1561 3695 1622 3728 ex
1639 3681 1938 3729 incommodis
2148 3725 2156 3734 ,

650 3739 867 3794 Alterius,
887 3755 969 3788 sus
989 3758 1019 3790 u
1076 3744 1315 3791 commoda
1332 3746 1596 3806 comparet?
1627 3746 1698 3800 ha,
1722 3761 1938 3794 verumne
1956 3745 2002 3793 id
2023 3745 2130 3794 est?
2161 3761 2310 3808 genus

650 3801 801 3852 Immo
822 3805 1053 3853 hominum
1075 3807 1121 3854 id
1139 3807 1382 3870 pessimum
1404 3818 1485 3864 est,
1508 3808 1556 3856 in
1576 3808 1844 3873 denegando
1865 3811 1991 3872 queis
2011 3811 2154 3874 pudor
2173 3808 2310 3858 modd
2379 3821 2386 3828 ·

650 3865 892 3916 Paululum
914 3871 1051 3926 adest,
1074 3867 1177 3934 post
1198 3871 1270 3919 ubi
1284 3873 1379 3934 Jam
1402 3881 1582 3935 tempus
1600 3884 1672 3922 est
1687 3873 1908 3937 promissa
1928 3875 2094 3938 perfici,

646 3931 771 3980 Tum
794 3949 844 3980 se
866 3933 1119 3982 necessari&
1136 3937 1353 3998 aperiunt,
1376 3935 1551 3994 timent,
1573 3947 1622 3986 et
1641 3940 1767 4002 cog-it
1787 3955 1858 3986 res
1877 3955 1958 3987 eos

646 3995 770 4043 Tum
792 3998 1029 4060 denegare.
1094 3999 1167 4047 Ibi
1186 4009 1285 4048 tum
1302 4001 1688 4064 impudentissima
1703 4019 1860 4052 eorum
1883 4011 1954 4052 est
1973 4005 2130 4060 ontio.

648 4059 767 4115 Qui·
786 4069 839 4109 tu
860 4078 910 4109 es
925 4063 948 4108 i’
976 4065 1079 4126 quis
1098 4079 1151 4112 es
1170 4065 1316 4112 mihi?
1348 4081 1430 4114 cur
1450 4081 1598 4114 menn
1620 4069 1698 4116 tibi
1711 4069 1736 4114 ἰ’
1766 4071 1878 4117 heus
1899 4067 2124 4132 proximu’
2147 4082 2248 4116 sum
2269 4075 2456 4131 egomet
2475 4068 2601 4116 mihi.

644 4126 868 4174 Attamen
890 4127 965 4174 ubi
984 4127 1109 4184 fides,
1132 4130 1171 4176 si
1194 4145 1341 4192 roges,
1364 4131 1473 4178 nihil
1494 4132 1662 4194 pudet:
1700 4131 1790 4188 hic,
1815 4133 1888 4180 ubi
1909 4143 1979 4182 est
2001 4148 2129 4196 opus,

640 4187 771 4236 Nihil
792 4199 1005 4239 verentur
1025 4212 1037 4240 ε
1069 4191 1177 4250 ime,
1202 4191 1276 4242 ubi
1294 4203 1522 4252 verentur,
1545 4195 1604 4243 ibi
1627 4211 1720 4245 non
1740 4206 1812 4245 est
1833 4213 1962 4262 opus.

471 4274 653 4355 Siqua
678 4277 843 4339 vides
880 4279 1205 4354 immutata,
1234 4303 1367 4364 quae
1391 4303 1586 4363 pauca
1609 4284 1792 4354 vides,
1833 4285 2098 4364 cogitare
2122 4282 2376 4362 primdm
2405 4286 2607 4357 debes,
2638 4297 2864 4364 quante

386 4352 446 4411 in
471 4357 905 4446 exemplaribus
926 4361 1003 4421 sit
1025 4361 1295 4434 varietas,
1324 4375 1449 4422 tum
1475 4363 1652 4440 quem
1678 4362 1852 4422 facile
1878 4363 2056 4422 fuerit
2083 4374 2166 4422 est
2203 4365 2442 4436 addere,
2471 4386 2505 4423 e
2531 4365 2859 4442 geminare,

386 4443 443 4490 et
468 4452 528 4490 m
556 4446 901 4497 contextum
928 4441 1148 4512 venire,
1178 4459 1286 4518 pro
1310 4451 1429 4500 tum
1456 4441 1636 4502 scribi
1659 4440 1802 4514 edm,
1830 4441 1980 4502 nihil
1999 4451 2065 4502 et
2089 4463 2204 4504 non
2227 4441 2350 4501 suis
2375 4461 2440 4500 se
2465 4442 2676 4501 mutud
2701 4443 2862 4502 sedi·-

385 4508 503 4600 δρα.
517 4515 834 4606 εξρυίἰεεε.
908 4517 1049 4586 Eos,
1072 4518 1232 4598 quod
1248 4519 1513 4579 additum
1535 4521 1571 4577 a
1589 4521 1760 4579 nobis
1781 4539 1852 4580 eo
1879 4521 2014 4580 loco
2035 4541 2154 4613 quo
2177 4521 2454 4578 Erasmus
2471 4520 2687 4580 deesse
2707 4541 2862 4580 non·-

386 4585 528 4643 mhil
569 4596 907 4672 imprudens
946 4595 1246 4667 divinavit,
1290 4597 1619 4660 addidimus
1661 4599 1825 4660 certe
1871 4599 2092 4662 codicis
2131 4596 2484 4661 testimonio.
2567 4597 2862 4674 EJusdem

381 4673 524 4720 ’ΠΜ
550 4671 651 4743 qui
676 4687 1002 4754 sequuntur
1028 4688 1091 4736 et
1116 4676 1349 4756 generis
1372 4689 1435 4738 et
1460 4697 1770 4756 mensum,
