3067 4959
353 352 513 419 lxxii
1223 338 1957 407 PRoLEGOMENA

353 510 468 579 ..ed
488 506 698 589 judicii
719 508 936 570 locum.
1017 502 1098 565 Et
1123 500 1278 561 enim
1303 500 1498 565 versui
1523 500 1749 579 optimo
1772 510 1952 580 atque
1978 496 2376 579 pulcherrimo
2402 498 2717 580 quadrato,
2738 518 2815 561 ex

370 588 618 658 Andria,
645 586 797 645 hanc
825 580 1088 657 injuriam
1113 578 1366 637 faciebat
1390 600 1407 637 ε

754 660 875 709 Οὺτη
897 662 934 705 is
955 659 1064 705 nibil
1085 666 1336 720 promereat
1349 676 1365 707 a
1399 659 1641 721 postulare,
1662 659 1707 707 id
1726 659 1887 735 gratia
1906 657 2069 720 apponi
2092 658 2191 705 sibi.

447 726 666 791 veram
693 736 754 785 et
779 724 880 781 hic
905 722 1046 779 nihil
1075 740 1316 784 necesse
1333 722 1551 781 babeas
1578 723 1911 790 concidere,
1940 734 2001 780 et
2029 721 2273 798 primam
2296 722 2506 781 natura
2522 719 2662 781 cum
2686 740 2815 781 cor-

368 810 560 888 ripiat,
589 822 708 869 non
737 799 930 880 potuit
955 799 1156 859 sibilus
1177 798 1595 878 impedimento
1620 800 1833 861 esseio
1862 800 1962 857 illo
1992 799 2221 881 Casinas
2246 818 2437 869 versu,
2466 801 2609 877 quin
2638 800 2817 861 unic·

367 886 596 947 tantum
618 893 882 957 ternpore
920 876 1313 956 proferretur-2
1355 877 1577 939 factum
1616 879 1771 937 enim
1800 888 1892 937 est
1915 896 1991 937 ex
2016 898 2179 955 posse
2200 890 2265 936 et
2303 877 2517 939 tollere.
2602 880 2817 957 Neque

369 964 524 1024 enim
553 958 750 1018 literas
777 956 1168 1035 geminabant,
1209 956 1364 1033 quod
1407 956 1583 1017 etism
1623 956 1797 1015 durat
1836 956 1895 1013 in
1934 955 2251 1033 praeterito,
2292 954 2458 1015 tetuli
2472 979 2499 1025 ,-
2544 968 2609 1015 et
2632 966 2816 1015 teram

365 1036 615 1116 simplici
644 1037 934 1095 elemento
959 1032 1235 1113 scriptam
1261 1035 1320 1091 in
1349 1034 1510 1093 libris
1535 1053 1843 1111 augurum,
1874 1033 1955 1092 ait
1983 1034 2171 1091 Varro
2190 1053 2208 1089 ε
2252 1046 2313 1093 et
2340 1034 2454 1092 hoc
2480 1046 2683 1093 monet
2708 1052 2815 1093 nos

409 1114 632 1175 lurimis
657 1113 800 1172 locis
830 1113 1089 1182 Verrius,
1118 1115 1362 1191 ejusque
1389 1112 1673 1190 interpres
1713 1124 1890 1189 atque
1919 1112 2177 1169 imitator
2204 1110 2432 1170 Festus.
2516 1110 2813 1171 Caeterum

425 1212 648 1254 rasmus
685 1191 902 1249 utinam
931 1208 1058 1247 eam
1100 1208 1298 1248 curam
1340 1190 1515 1248 alium
1554 1190 1611 1247 in
1640 1208 1867 1249 versum
1897 1189 2305 1259 transtulisset,
2335 1188 2410 1248 ad
2442 1209 2666 1247 nornen
2698 1191 2814 1249 hoc

355 1268 843 1354 periculoffiotius
870 1267 1042 1347 quam
1064 1267 1296 1327 tolleret
1324 1287 1556 1326 omnem
1583 1268 1863 1327 sermonis
1890 1267 2260 1345 elegantiam,
2279 1280 2458 1346 atque
2474 1267 2621 1327 adeo
2652 1268 2815 1327 Atti-

369 1350 653 1437 ‘·²³⁸‘¹¹¹¹¹¹¹²
693 1344 1547 1486 Ψὲίἕὲξωζῖᾞζῖιίῗήἒὲῗοῗίξ
1564 1358 1884 1472 fflflffiit
1902 1346 2128 1485 2323}
2142 1345 2379 1473 {iiam

447 1489 778 1551 Praesertim
807 1487 940 1547 cum
967 1499 1292 1565 anapaestus
1317 1507 1446 1546 esse
1473 1487 1730 1565 potuerit
1754 1487 1815 1544 in
1843 1488 2032 1565 primo
2060 1488 2232 1565 pede.
2305 1487 2459 1546 Nam
2481 1486 2661 1547 munis
2684 1486 2807 1567 pri-

365 1588 522 1628 mam
561 1567 804 1645 corripit
841 1567 1080 1635 natur-fu
1122 1566 1363 1624 ductum
1405 1565 1559 1624 enim
1586 1578 1679 1625 est
1714 1566 1872 1643 παραὶ
1906 1562 1967 1623 τὸ
2018 1564 2185 1643 ὁμῶς.
2266 1566 2625 1627 Universitas
2650 1567 2805 1624 enim

366 1646 438 1706 fit
461 1667 538 1706 ex
569 1665 760 1704 rerum
789 1644 1220 1721 conjunctione.
1275 1644 1384 1703 Est
1409 1643 1565 1703 enim
1593 1642 1945 1713 universum,
1974 1654 2147 1704 extra
2172 1643 2331 1723 quod
2358 1644 2499 1702 nihil
2524 1654 2635 1703 est.
2690 1644 2810 1703 Ne-

371 1744 488 1803 que
513 1724 640 1783 illas
667 1734 884 1781 mutarn
912 1740 984 1780 ac
1011 1720 1286 1799 liquidam
1357 1722 1575 1783 otuisse
1602 1741 1817 1800 cogere
1844 1722 2125 1799 syllabam
2151 1724 2228 1782 ad
2254 1721 2720 1800 producendum,
2750 1733 2812 1779 et

366 1802 537 1881 pueri
577 1802 792 1871 sciunt,
833 1812 892 1859 et
936 1798 1268 1858 Priscianus
1347 1810 1484 1861 ocet
1523 1820 1601 1859 ex
1632 1799 1976 1861 Callimachi
2003 1820 2193 1859 versu.
2275 1800 2471 1878 Major
2496 1800 2639 1859 vero
2661 1798 2809 1858 diffi-

367 1880 556 1940 cultas
581 1879 857 1957 objicitur
894 1877 954 1934 in
982 1876 1214 1935 nomine
1240 1876 1374 1947 hoc,
1403 1876 1660 1958 voluptas
1679 1902 1704 1938 .-
1752 1896 1833 1939 ex
1872 1896 1991 1958 quo
2018 1878 2119 1939 ille
2141 1879 2407 1939 vocalem
2432 1878 2679 1937 mediam
2704 1896 2809 1937 au·

365 1958 667 2025 ferendam
696 1967 922 2023 censet,
948 1973 1024 2015 eo
1047 1972 1221 2015 versu
1247 1956 1524 2015 Andriam

751 2032 892 2091 Qubd
911 2034 1162 2097 voluptate·
1181 2050 1340 2083 eorum
1359 2036 1553 2099 propria
1574 2042 1695 2091 sunt,
1716 2050 1821 2083 nam
1842 2034 1951 2082 mibi
1972 2034 2298 2083 immortalitas.

393 2130 398 2135 ·
434 2098 714 2161 Nonnihil
738 2099 876 2159 vero
895 2108 1004 2166 est,
1032 2097 1081 2157 si
1105 2098 1182 2157 sit
1201 2098 1286 2157 ita
1311 2098 1838 2177 pronunciandum,
1866 2098 2131 2177 Folptas:
2160 2098 2303 2156 nihil
2331 2096 2483 2157 enim
2510 2096 2589 2157 ad
2616 2096 2811 2157 Theu-

365 2180 626 2239 tonicutn
655 2195 866 2235 sonum
889 2174 1180 2262 accedere
1209 2187 1416 2264 potest
1527 2178 1733 2254 opiusz
1773 2186 1953 2255 atque
1995 2176 2111 2234 hoc
2146 2187 2215 2234 ut
2255 2175 2667 2252 effugeremus,
2708 2186 2811 2235 aut

366 2256 855 2315 constitueremus
880 2261 1166 2309 creticum
1207 2271 1266 2311 in
1294 2253 1500 2331 prima,
1536 2266 1641 2313 aut
1678 2252 1853 2313 etiam
1880 2264 2255 2331 anapaestum.
2336 2254 2627 2329 Correpta
2654 2254 2809 2312 enim

363 2329 706 2407 conjunctio
733 2340 824 2390 est
848 2326 1004 2396 alibi,
1027 2326 1118 2387 vel
1139 2329 1366 2417 judicio
1391 2330 1545 2391 illius
1564 2352 1581 2387 ε
1624 2351 1807 2423 quare
1834 2333 1935 2391 hie
1962 2348 2193 2410 quoque
2220 2341 2394 2389 esset.
2474 2332 2563 2387 At
2588 2330 2813 2391 frustra

361 2408 592 2554 Eiiderer
631 2408 894 2469 laborare
916 2426 934 2463 ε
976 2424 1252 2484 quonism
1277 2409 1396 2469 duo
1420 2428 1624 2471 versus.
1650 2430 1711 2469 m
1740 2411 1953 2472 Casina
1988 2419 2145 2480 sunt,
2185 2406 2367 2466 nihilo
2393 2405 2560 2465 nobis
2590 2426 2812 2469 secun·

428 2506 590 2549 orest

749 2564 859 2612 Sine
877 2572 982 2617 tuos
997 2562 1164 2614 ocellos
1181 2566 1426 2624 deosculer,
1448 2568 1658 2630 voluptas
1674 2585 1788 2618 mes.

398 2689 408 2697 ,
751 2629 875 2683 Quid
895 2626 1127 2679 deosculer
1148 2630 1227 2679 te?
1261 2648 1362 2693 quae
1383 2632 1491 2682 res?
1524 2648 1627 2695 quae
1652 2635 1857 2697 voluptas
1878 2631 2009 2681 mea?

442 2692 596 2752 Nam
637 2692 745 2753 nisi
783 2694 950 2771 volup
989 2693 1171 2770 legas,
1213 2710 1314 2753 aut
1353 2695 1531 2755 facias
1570 2710 1949 2777 anapaestum,
1992 2692 2135 2755 satie
2172 2712 2382 2773 aspera
2420 2704 2513 2753 est
2549 2709 2811 2787 pronun-

363 2770 558 2831 ciatio.
621 2772 740 2831 Sed
778 2771 1034 2849 voluptas
1075 2768 1190 2833 fuit
1215 2774 1536 2853 volupetas,
1578 2775 1616 2833 εὶ
1640 2776 1774 2835 volo
1814 2788 1877 2837 et
1917 2786 2095 2853 peto,
2135 2792 2268 2851 quae
2296 2772 2488 2831 omnia
2514 2788 2649 2830 cum
2688 2768 2809 2829 sint

361 2848 578 2919 brevia,
621 2870 738 2909 non
781 2849 1161 2913 immutarunt
1195 2864 1486 2913 naturam.
1568 2852 1721 2913 Nam
1750 2853 1835 2915 sic
1862 2870 2100 2932 quoque
2129 2850 2409 2929 corripias
2435 2850 2495 2907 in
2522 2866 2697 2909 versu
2726 2866 2807 2907 ex

366 2926 1057 3011 Heautontimoqumeno,
1086 2930 1136 2991 si
1161 2931 1248 2993 ita
1269 2933 1432 3011 legas
1459 2952 1536 2991 ex
1567 2932 1773 2991 Bembi
1803 2932 2044 2993 codice:

746 3008 850 3057 Nec
871 3010 979 3057 mihi
997 3010 1066 3059 sas
1083 3026 1184 3061 esse
1205 3010 1295 3059 ulla
1313 3027 1388 3059 me
1409 3012 1640 3075 voluptate
1658 3012 1729 3058 his
1744 3010 1847 3059 frui.

442 3072 791 3151 Quanquam
815 3074 1006 3133 codex
1044 3074 1162 3146 ille,
1192 3074 1266 3134 de
1286 3095 1404 3155 quo
1432 3075 1516 3133 vir
1544 3074 1913 3133 doctissimus
1942 3084 2000 3132 at
2046 3090 2119 3131 ue
2146 3070 2539 3131 sanctissimus
2566 3066 2807 3127 metitur

360 3162 610 3223 nostros,
654 3153 783 3229 plus
823 3151 1027 3212 habuit
1065 3167 1188 3214 turn
1231 3154 1387 3229 apud
1429 3172 1535 3209 nos
1564 3152 1950 3213 venerationis
1990 3172 2027 3209 o
2096 3161 2464 3218 vetustatem,
2495 3160 2617 3207 tum
2645 3146 2807 3223 apud

359 3226 522 3288 illurn
571 3230 855 3309 opinionis
894 3231 966 3290 ad
1017 3232 1353 3297 novitatem,
1403 3230 1575 3307 quam
1622 3231 1907 3307 quantum
1947 3248 2013 3288 re
2054 3230 2179 3309 ipsa
2226 3244 2499 3309 praestare
2537 3224 2806 3315 valuerit.

363 3308 590 3367 Omitto
617 3310 770 3366 enim
843 3328 930 3365 uae
971 3308 1045 3365 ad
1086 3308 1434 3384 privatarum
1479 3324 1689 3363 vocum
1730 3308 2027 3385 pertinent
2070 3308 2384 3367 rationem:
2430 3324 2563 3363 nam
2604 3322 2703 3361 eas
2745 3322 2806 3359 m

361 3385 668 3461 Originum
711 3384 872 3442 libris
913 3382 1016 3442 tibi
1043 3384 1184 3442 satis
1223 3382 1546 3458 explicatas
1588 3394 1753 3458 puto.
1836 3386 1921 3441 At
1949 3386 2107 3460 quod
2137 3386 2213 3441 ad
2242 3403 2511 3443 versuum
2540 3382 2802 3458 ipsorum

355 3471 582 3518 tractus
601 3471 851 3535 spectat,
870 3478 1063 3536 operae
1082 3458 1336 3537 pretium
1363 3468 1454 3517 est
1478 3458 1941 3519 animadvertere
1970 3461 2207 3532 multos,
2226 3461 2329 3538 qui
2356 3480 2473 3519 non
2495 3470 2803 3519 constentz

357 3536 540 3598 veluti
565 3536 598 3593 ὲ
621 3536 972 3596 Phormione
999 3537 1191 3597 hunc:

740 3614 860 3669 (ἔμε
877 3614 914 3661 si
935 3622 1035 3661 astu
1051 3630 1142 3663 non
1164 3614 1468 3677 providentur,
1491 3630 1567 3663 me
1586 3622 1666 3662 aut
1680 3614 1839 3663 herum
1861 3616 2209 3679 pessundabunt.

433 3676 528 3735 lta
555 3676 689 3735 dico
713 3677 872 3753 apud
900 3676 1079 3735 hosce
1107 3678 1207 3756 qui
1233 3677 1517 3735 creticum
1540 3676 1831 3756 recipiunt
1856 3678 2115 3737 nullum:
2146 3678 2205 3736 in
2228 3672 2583 3735 nostratibus
2604 3690 2805 3745 autem

351 3753 580 3814 mollius
605 3754 822 3831 legitur
845 3754 931 3813 sic
947 3775 965 3811 ε

737 3832 856 3887 Quae
880 3833 918 3879 si
941 3846 1030 3879 non
1053 3838 1152 3879 astu
1174 3833 1478 3895 providentur.

431 3896 550 3959 Ubi
578 3896 911 3954 octonarius
937 3905 1044 3953 est.
1127 3896 1276 3955 Item
1306 3917 1384 3957 ex
1417 3898 2087 3973 Heautontimorumeno
2114 3897 2199 3957 sic
2225 3895 2405 3977 legit:

733 3973 920 4038 Pergin'
941 3975 1102 4022 mulier
1123 3976 1276 4025 odiosa
1295 3978 1430 4026 esse?
1463 3977 1691 4027 nullimne
1710 3995 1802 4043 ego
1823 3996 1917 4027 rem
1940 3980 1985 4025 in
2008 3977 2107 4025 vita
2127 3974 2246 4026 mei.

427 4040 512 4098 At
539 4036 601 4097 in
627 4038 838 4097 nostris
863 4038 948 4097 sic
975 4038 1226 4117 legitur:

729 4117 902 4165 Venire
919 4117 967 4165 in
987 4130 1198 4177 mentem,
1219 4121 1284 4168 mi
1305 4122 1403 4169 vir:
1443 4123 1500 4169 oh
1523 4122 1698 4184 pergin’
1722 4122 1883 4171 mulier
1904 4122 2037 4170 esse?
2072 4120 2268 4171 ullimne
2287 4136 2393 4185 ego.

424 4180 544 4242 Ubi
586 4180 766 4253 vides,
805 4183 852 4240 si
895 4183 1078 4242 addas
1119 4186 1312 4245 omnia
1351 4186 1450 4245 illa
1489 4188 1685 4255 verba,
1729 4207 1859 4266 quae
1899 4188 2243 4265 praecedunt
2282 4183 2797 4264 exprobrationem

339 4260 516 4331 senis,
545 4278 746 4319 versus
772 4260 876 4319 flat
901 4262 1091 4320 stadio
1118 4264 1380 4341 longior:
1412 4277 1470 4324 at
1499 4264 1583 4322 illi
1606 4266 1888 4325 octonarii
1920 4276 2075 4324 sunt.
2126 4264 2346 4325 Verum
2376 4267 2541 4343 lepor
2560 4280 2797 4352 quoque

339 4338 401 4399 in
448 4340 643 4399 verbis
687 4350 778 4398 est
823 4338 955 4410 illis,
1003 4342 1090 4400 011
1131 4343 1359 4423 pergin’
1397 4342 1603 4403 mulier
1640 4364 1800 4405 esse.-
1842 4344 1974 4424 plus
2002 4345 2157 4405 enim
2198 4356 2289 4405 est
2316 4364 2443 4404 esse
2470 4342 2793 4411 mulierem,

339 4422 512 4497 quam
540 4418 822 4478 odiosam.
900 4418 972 4475 In
1000 4420 1184 4480 altero
1211 4434 1406 4480 autem
1433 4434 1755 4500 sequente:

721 4496 844 4545 Rem
865 4512 1061 4561 unquam
1083 4500 1218 4555 volui,
1241 4502 1350 4563 quin
1369 4508 1420 4549 tu
1441 4502 1488 4549 in
1510 4502 1569 4549 ea
1589 4502 1699 4550 mihi
1718 4504 1999 4552 adversatrix
2018 4502 2172 4559 fueris,
2196 4500 2431 4551 Sostraffl

341 4556 592 4623 ,Videtur
617 4560 842 4641 syllaba
868 4563 1198 4624 redundare
1219 4586 1238 4621 ε
1279 4566 1385 4627 sed
1411 4564 1497 4627 mi
1517 4568 1891 4646 pronuncies,
1920 4588 2039 4629 non
2064 4568 2205 4629 mihi
2226 4592 2267 4628 .·-
2296 4564 2563 4626 Bembus
2592 4569 2795 4621 autem

335 4646 419 4695 ua
442 4634 608 4715 legit,
634 4652 702 4703 ut
721 4660 845 4703 uns.
867 4640 1074 4715 defist3
1117 4642 1226 4717 sio,
