3067 4959
1181 448 1831 516 TERENTIANA.
2634 449 2718 511 vii

227 608 393 671 eirca
433 606 852 671 educationem
893 608 1435 691 institutionemque
1473 612 1813 681 liberorum,
1856 610 1932 669 de
1970 621 2059 669 tot
2099 610 2388 690 magistris
2416 610 2451 671 ὲ
2480 611 2713 671 Groecis'i

231 691 456 768 petitia,
487 688 592 767 qui
621 688 752 746 illos
775 688 832 745 in
861 690 1018 747 omni
1047 690 1257 749 artium
1328 708 1504 749 enere
1532 690 1851 759 erudirent,
1874 688 1911 745 ὰ
1934 689 2255 749 Plutarcho
2280 690 2565 768 scriptum
2593 703 2709 749 est:

229 780 292 827 at
315 788 444 826 non
472 766 877 837 transcribam,
902 768 1038 826 cum
1068 778 1255 826 totum
1283 768 1343 825 1d
1365 768 1520 847 apud
1548 769 1735 847 ipsum
1754 769 1957 846 legere
1976 768 2178 845 possis.
2264 769 2445 826 Aliud
2474 787 2713 847 quoque

231 846 368 917 fuit,
397 846 562 903 unde
585 845 646 902 in
673 864 928 904 errorem
955 846 1182 905 inducti
1209 846 1472 906 homines
1501 847 1695 914 fuere;
1725 866 1935 904 nomen
1965 845 2131 905 Laelii
2157 845 2399 905 scilicet.
2484 848 2571 905 At
2596 847 2715 905 hoc

232 924 572 983 meminisse
591 923 892 993 decuerat,
923 924 1254 1001 Scipionem
1278 924 1655 983 AEmilianum
1676 924 1842 983 Laelii
1871 944 1907 983 o
1950 926 2051 985 era
2069 944 2235 983 usum
2254 942 2491 1003 quoque
2512 923 2713 995 fuisse,

233 1002 343 1061 sed
369 1000 535 1059 illum
563 1002 812 1061 Laelium
852 1002 1057 1080 prioris
1081 1002 1264 1061 filium
1291 1003 1539 1081 intelligi
1566 1004 1803 1062 debere.
1882 944 2041 1069 (guid
2080 1016 2297 1072 autem,
2325 1014 2390 1060 ut
2418 1002 2492 1060 ad
2521 1001 2713 1060 AEmi-

231 1080 458 1138 lianum
481 1090 812 1138 revertatur
831 1082 1034 1151 oratio,
1057 1100 1129 1139 an
1153 1082 1422 1160 cuiquam
1445 1081 1641 1141 minus
1661 1080 1941 1141 credibile
1958 1082 2245 1151 videatur,
2267 1081 2526 1159 potuisse
2546 1080 2711 1138 illum

235 1160 308 1217 ea
352 1170 532 1217 aetate
575 1158 740 1234 [xxv
783 1160 912 1234 an.]
957 1159 1350 1218 Menandreae
1391 1160 1643 1219 Fabulas
1683 1159 1895 1217 Latine
1938 1172 2301 1229 convertere,
2350 1178 2495 1237 quas
2541 1158 2709 1217 multi

235 1236 412 1315 longe
439 1236 648 1294 minori
675 1237 876 1296 indole
902 1238 1130 1315 praediti
1158 1238 1330 1315 quam
1361 1240 1480 1316 qua
1511 1239 1639 1316 ipse
1666 1248 1810 1305 erat,
1852 1240 1961 1295 'am
2005 1239 2321 1298 clarissima
2358 1236 2575 1316 ingenii
2618 1237 2709 1296 sui

237 1326 620 1373 monumenta
647 1317 858 1394 saepius
885 1316 1198 1374 ediderunt
1215 1317 1245 1372 Ρ
1291 1318 1387 1373 An
1416 1317 1571 1394 quod
1604 1259 1916 1374 Menandri
1948 1317 2182 1375 Fabulae
2208 1315 2469 1374 difficiles
2493 1316 2709 1374 erant?

245 1392 371 1451 Imo
397 1393 480 1449 nil
509 1392 760 1464 facilius,
781 1395 862 1451 nil
891 1395 1168 1472 apertius,
1190 1397 1282 1453 uti
1301 1414 1378 1452 ex
1400 1394 1689 1452 latissimis
1712 1394 2053 1471 fragmentis
2072 1406 2322 1464 constat,
2345 1413 2477 1473 quse
2498 1395 2707 1471 passim

242 1472 400 1549 apud
419 1474 720 1531 Auctores
736 1491 840 1531 seu
856 1491 1073 1541 sacros,
1091 1492 1198 1532 seu
1215 1473 1490 1551 profanos
1509 1472 1786 1550 reperias.
1830 1473 1949 1532 Sed
1972 1492 2147 1539 nunc,
2168 1485 2233 1531 ut
2252 1493 2372 1532 rem
2391 1473 2707 1543 absolvam,

239 1548 387 1609 libet
399 1549 542 1607 mihi
559 1550 662 1608 illa
683 1568 1047 1628 percurrere,
1071 1571 1204 1631 quae
1225 1570 1302 1609 ex
1327 1552 1611 1610 Suetonio
1628 1552 1925 1629 excerpsit
1946 1552 2064 1610 AEl.
2088 1552 2380 1619 Donatus,
2402 1564 2524 1623 aut,
2548 1552 2711 1629 quod

239 1647 442 1685 verum
473 1638 582 1696 est,
612 1628 712 1707 qui
739 1630 905 1689 nobis
937 1633 1236 1689 Donatum
1267 1630 1629 1688 mutilarunt.
1717 1631 1833 1688 Hic
1858 1650 1982 1688 cum
2010 1628 2201 1689 multis
2227 1630 2503 1688 nobilibus
2514 1632 2709 1707 fimi-

237 1705 470 1765 liariter
503 1706 671 1778 vixit,
713 1710 816 1766 sed
847 1710 1087 1768 maxim?
1124 1730 1247 1768 cum
1294 1710 1370 1768 P.
1403 1708 1667 1787 Scipione
1706 1708 2007 1783 Africano,
2049 1717 2101 1766 et
2137 1709 2201 1767 C.
2230 1708 2421 1767 Laelio
2438 1733 2465 1778 ,·
2508 1708 2711 1787 quibus

243 1786 412 1843 etiam
439 1786 694 1865 corporis
712 1786 914 1865 gratia
940 1786 1276 1847 conciliatus
1295 1787 1675 1855 existimatur,
1696 1787 1849 1863 quod
1865 1795 1919 1843 et
1934 1787 2113 1863 ipsum
2144 1786 2457 1846 Fenestella
2488 1787 2707 1865 arguit,

241 1864 582 1922 contendens
607 1874 846 1943 utroque
871 1870 1136 1945 mojorem
1168 1866 1527 1943 natrcfiisse.
1586 1864 1725 1921 Hoc
1754 1864 1969 1923 dextra
1997 1862 2257 1943 laevaque
2280 1865 2492 1923 falsum
2516 1876 2627 1934 est,
2646 1874 2711 1923 et

237 1940 368 1999 fieri
414 1942 642 2019 nequit.
722 1942 858 2007 Qus,
899 1945 1051 2001 enim
1091 1944 1318 2002 ratione
1358 1942 1484 2001 fieri
1523 1940 1726 2019 possit,
1772 1953 1839 2000 ut
1889 1942 2164 2018 Scipione
2213 1942 2495 2000 Africano
2533 1954 2711 2001 astate

239 2022 614 2103 maJorpsset
641 2020 970 2089 Terentius,
1014 2022 1152 2080 cum
1181 2033 1348 2079 tanto
1373 2032 1641 2098 tempore
1670 2031 1804 2097 post
1845 2020 2041 2078 Plauti
2068 2022 2289 2078 obitum
2318 2020 2603 2087 floruerit,
2642 2032 2713 2079 ut

241 2116 380 2153 eum
409 2108 668 2153 veterem
695 2110 889 2167 vocet,
915 2102 1006 2158 uti
1032 2099 1260 2158 ostendi
1284 2099 1552 2177 superius
1578 2118 1593 2156 :
1630 2110 1693 2156 at
1724 2098 1965 2157 Plautus
1991 2116 2111 2156 uno
2136 2098 2367 2156 tantum
2394 2118 2549 2157 anno
2574 2109 2716 2157 ante

241 2186 500 2232 mortem
531 2174 820 2249 Scipionis
849 2176 1114 2234 Africani
1139 2176 1300 2233 obiit.
1379 2181 1644 2241 Quonam
1672 2178 1849 2235 etiam
1877 2187 2055 2254 pacto
2082 2194 2409 2250 congruere
2436 2176 2563 2235 hoec
2580 2194 2715 2253 pos·

241 2264 386 2310 sunt
414 2270 552 2310 cum
580 2250 692 2310 illis
718 2252 974 2327 ejusdem
1003 2253 1346 2312 Fenestellae
1372 2255 1579 2323 verbis,
1616 2257 1771 2314 inter
1784 2254 1973 2335 finem
2000 2255 2231 2313 secundi
2255 2253 2387 2313 belli
2418 2255 2632 2313 Punici
2656 2265 2715 2315 et

241 2332 476 2390 initium
502 2330 664 2389 tertii
700 2341 892 2389 natum
921 2352 1037 2391 esse
1061 2342 1118 2391 et
1158 2342 1434 2391 mortuum
1472 2334 1799 2393 Terentium
1816 2335 1851 2391 ‘3
1929 2333 2139 2411 Itaque
2166 2334 2294 2391 haec
2322 2332 2357 2387 a
2387 2332 2715 2393 Fenestella

241 2410 421 2468 scribi
445 2428 562 2467 non
592 2420 948 2486 potuerunt;
987 2411 1088 2471 sed
1119 2410 1392 2469 videlicet
1421 2430 1555 2469 eum
1600 2411 1979 2488 Epitomistes
2008 2432 2125 2471 non
2155 2423 2246 2471 est
2272 2424 2605 2469 assecutus:
2650 2412 2711 2470 id

241 2488 398 2546 enim
437 2488 740 2563 scripserit
781 2489 1112 2549 Fenestella
1151 2491 1227 2547 de
1271 2489 1548 2567 Scipione
1588 2490 1943 2559 AEmilian03
1985 2510 2177 2568 neque
2216 2488 2385 2547 aliter
2422 2490 2714 2550 sentiebat

245 2566 470 2645 Nepos,
498 2566 636 2625 cum
665 2567 912 2646 aequales
938 2569 1324 2645 omne-§fuisse
1350 2569 1591 2627 tradidit
1613 2594 1640 2638 ,-
1670 2588 2023 2647 quanquam,
2046 2580 2115 2627 ut
2142 2567 2264 2627 dixi
2287 2578 2477 2640 antea,
2502 2569 2710 2628 decem

233 2656 346 2703 aut
373 2645 649 2703 undecim
669 2648 803 2706 anni
829 2646 986 2705 inter
1007 2658 1244 2705 aetatem
1273 2645 1573 2705 AEmiliani
1602 2660 1665 2705 et
1692 2647 1952 2705 Terentii
1980 2646 2372 2705 intercedunt.

321 2726 642 2803 Propterea
659 2746 870 2785 summa
889 2746 1110 2805 quoque
1123 2724 1290 2784 titulo
1310 2725 1715 2803 adscribitur]
1752 2726 1987 2785 Titulus
2012 2726 2129 2785 hoc
2156 2724 2291 2783 loco
2310 2725 2712 2785 Dida-scoliam

233 2801 551 2881 significat.
636 2803 820 2882 Ergo,
845 2814 914 2861 ut
939 2803 1116 2861 bodie
1145 2802 1358 2873 editur,
1387 2803 1595 2861 mutila
1622 2818 1731 2863 est.

323 2882 394 2941 Si
431 2881 596 2941 niodo
622 2883 684 2941 in
723 2882 1014 2941 scribendo
1053 2882 1427 2961 indiguerit.]
1518 2882 1710 2941 Recte
1737 2883 1902 2953 illud,
1930 2885 1982 2943 si
2006 2883 2171 2943 modo
2194 2908 2219 2953 ,-
2264 2882 2525 2961 quamvis
2554 2880 2709 2939 enim

231 2959 594 3021 admirabilis
619 2960 888 3039 quiedam
913 2960 1136 3051 puritas
1163 2960 1636 3037 germanitasque
1672 2961 1866 3021 Latini
1906 2963 2189 3021 sermonis
2214 2961 2271 3019 in
2314 2960 2575 3020 Terentii
2606 2960 2715 3019 Fa-

235 3037 396 3097 bulis
421 3038 518 3106 sit,
543 3058 662 3097 non
689 3050 884 3097 tamen
927 3038 1066 3097 inde
1091 3039 1374 3116 probetur
1402 3038 1667 3115 adjutum
1709 3061 1841 3098 eum
1883 3040 2063 3098 fnisse
2090 3042 2125 3097 εὶ
2149 3038 2531 3097 summatibus
2558 3037 2713 3107 viris,

239 3117 388 3175 cum
431 3116 714 3174 Pbaedrus
761 3115 1000 3174 Thracii
1048 3115 1280 3193 generis
1323 3134 1549 3185 servus,
1596 3118 1695 3195 qui
1736 3120 1845 3176 sub
1896 3119 2133 3175 Tiberio
2180 3117 2345 3183 vixit,
2387 3128 2505 3172 tam
2547 3115 2713 3190 pure,

237 3206 489 3269 tamque
516 3194 748 3259 Latine,
771 3194 894 3251 sine
911 3194 1066 3249 omni
1093 3204 1288 3251 tamen
1311 3194 1592 3272 adJutoris
1616 3196 1949 3273 suspicione
1968 3194 2283 3271 scripserit.
2365 3196 2715 3267 Quanquam

239 3271 412 3329 circa
441 3270 1152 3329 Heautontimorumenon
1181 3271 1438 3333 Terentii
1460 3273 1679 3351 aliquid
1708 3285 1817 3344 est,
1843 3273 2000 3350 quod
2029 3292 2123 3331 me
2144 3282 2337 3330 movet
2360 3281 2579 3329 tamen:
2609 3269 2717 3327 sed

235 3350 300 3407 id
331 3348 476 3407 alias
503 3349 750 3408 fortasse
776 3360 1005 3427 agetur.
1998 3396 2007 3411 ,

321 3429 464 3487 Non
489 3437 608 3487 tom
641 3427 904 3505 Scipione
929 3436 984 3485 et
1009 3428 1200 3489 La’lt'o
1225 3430 1316 3489 uti
1333 3430 1603 3511 potuisse,
1632 3432 1732 3511 qui
1756 3440 1891 3491 tunc
1916 3427 2317 3489 adolescentuli
2314 3426 2549 3505 suere-J
2636 3424 2716 3485 Et

233 3519 438 3565 tamen
468 3506 944 3565 adolescentulus
967 3508 1065 3565 ille
1097 3528 1312 3566 annum
1345 3514 1468 3584 jam
1496 3520 1641 3568 tunc
1669 3509 2007 3567 vicesimum
2035 3509 2271 3585 agebat.
2352 3506 2471 3565 Sed
2499 3516 2559 3562 et
2588 3505 2717 3563 Sal-

235 3584 451 3644 lustius
477 3585 716 3643 alterius
744 3584 928 3643 multo
953 3586 1408 3645 adolescentiam
1452 3588 1763 3663 produxit3
1809 3588 1907 3665 qui
1949 3586 2351 3665 pontificatum
2398 3583 2716 3641 maximum

239 3663 388 3721 Caio
419 3663 635 3723 Coesari
664 3663 1002 3721 mandatum
1043 3665 1146 3735 ait,
1193 3665 1332 3723 cum
1375 3666 1559 3724 adhuc
1600 3664 2043 3725 adolescentulus
2090 3674 2249 3723 esset.
2330 3666 2493 3729 Quot
2532 3676 2717 3719 annos

236 3752 438 3877 autqin
467 3754 641 3801 natus
667 3753 796 3799 erat
818 3744 1056 3801 Caesar?
1085 3754 1320 3823 poteras
1342 3742 1560 3802 dixisse
1588 3762 1821 3813 xxxvn
1848 3755 1910 3801 et
1936 3743 1996 3799 id
2018 3741 2289 3801 ostendet
2308 3739 2634 3808 Manutius,
2656 3739 2718 3795 ni

237 3838 364 3877 cre<
383 3840 454 3877 is.

323 3898 624 3957 Con-secius
649 3899 974 3957 redeuntem
1002 3898 1034 3959 ὲ
1057 3898 1292 3960 Groecic‘i
1311 3898 1551 3978 periisse
1574 3900 1637 3957 in
1664 3900 1813 3958 mari
1837 3900 1975 3959 dicit
1999 3918 2123 3957 cum
2153 3896 2561 3974 cvlnfitbulis
2583 3918 2717 3957 con-

239 3976 419 4035 versis
463 3975 496 4035 2
543 3977 934 4055 Menandro-J
1041 3978 1462 4037 Gravissimum
1509 3977 1651 4036 vero
1694 3978 1991 4045 damnum,
2045 3976 2292 4067 inquies.
2373 3975 2597 4033 Verum
2640 3994 2719 4035 ne

236 4052 562 4129 lachryma,
591 4074 784 4133 neque
811 4068 873 4113 te
899 4054 1160 4126 afflictes‚
1188 4076 1306 4115 non
1334 4055 1491 4135 quod
1512 4054 1626 4113 111ae
1648 4055 1883 4114 Fabulae
1910 4056 2083 4113 salvae
2108 4066 2243 4122 sint,
2271 4052 2375 4111 sed
2406 4053 2542 4130 quia
2568 4073 2719 4112 nun-

235 4148 426 4209 quam
453 4130 488 4185 ὲ
513 4132 790 4191 Terentio
816 4134 1054 4212 scriptas
1080 4134 1339 4194 t'uerunt.
1421 4134 1492 4192 Id
1533 4133 1685 4191 enim
1718 4152 1829 4191 nec
1871 4134 2003 4191 vitae
2044 4144 2275 4208 tempus
2302 4131 2541 4207 patitur,
2584 4151 2717 4203 nec,

237 4210 286 4267 si
310 4207 406 4267 vel
436 4208 694 4268 seculum
711 4212 1016 4289 explesset
1038 4212 1371 4281 Terentius,
1395 4223 1633 4271 eentum
1656 4222 1718 4268 et
1734 4222 1871 4270 octo
1900 4212 2149 4271 Fabulas
2170 4212 2205 4269 e
2231 4208 2563 4268 Menandro
2582 4230 2721 4269 con-

236 4298 478 4347 vertere
507 4288 808 4363 potuisset,
845 4290 954 4349 nisi
996 4292 1070 4350 ab
1099 4296 1264 4350 orco
1307 4292 1555 4349 Groecus
1598 4291 1775 4366 poe'ta
1818 4290 2089 4349 remissus
2130 4288 2355 4357 fuisset,
2395 4289 2495 4367 qui
2540 4306 2719 4347 novas

237 4365 440 4425 denuo
467 4363 717 4423 faceret.
801 4368 948 4427 Nam
977 4389 1056 4427 ex
1099 4369 1190 4428 his
1215 4368 1541 4437 comdiis,
1584 4386 1715 4445 quae
1745 4368 1922 4426 hodie
1961 4368 2261 4445 leguntur,
2302 4380 2555 4445 quatuor
2580 4374 2719 4423 sunt

241 4441 606 4514 Menandri3
648 4443 978 4505 Menander
1003 4458 1222 4520 autem,
1263 4448 1352 4505 uti
1377 4466 1455 4505 ex
1503 4446 1687 4505 Suids
1710 4456 1773 4504 et
1801 4446 2095 4505 veteribus
2134 4445 2425 4523 magistris
2466 4452 2715 4509 constat,

239 4540 408 4582 cvm
429 4534 538 4581 aut
559 4522 634 4582 ad
655 4542 946 4583 summum
964 4545 1098 4595 cix,
1117 4546 1272 4604 quan
1320 4544 1451 4584 uam
1473 4523 1571 4583 alii
1593 4542 1677 4582 cv
1700 4524 1930 4583 tantum
1953 4522 2357 4603 prodiderunt,
2376 4521 2720 4595 scripserat;

239 4614 298 4659 at
317 4620 396 4661 ex
417 4600 536 4661 illis
546 4607 672 4677 jam
696 4613 951 4681 quatuor
973 4624 1272 4663 couversae
1319 4616 1528 4663 uerant
1546 4602 1583 4657 a
1598 4602 1899 4661 Terentio.
1966 4598 2536 4681 Quamobrem-bono
2560 4596 2720 4651 Con-

241 4681 384 4739 setio
435 4680 512 4739 ob
563 4682 736 4739 istam
785 4694 906 4739 tam
937 4682 1224 4758 insignem
1266 4679 1725 4741 munificentiam
1756 4680 1914 4739 vides
1942 4688 2223 4757 quantum
2250 4672 2386 4727 fidei
2415 4668 2719 4758 debeatur.

245 4762 586 4838 Antequam
631 4758 864 4831 desino,
909 4758 1228 4819 dicendum
1275 4760 1496 4837 aliquid
1538 4758 1789 4817 arbitror
1836 4758 1911 4817 de
1954 4756 2057 4813 illo
2098 4749 2273 4809 etiam
2316 4744 2475 4818 quod
2522 4746 2720 4801 mulus
