3067 4959
1219 296 1861 366 TERENTIANA.
2572 312 2707 378 lxix

243 482 422 545 quem
443 482 566 521 non
592 460 870 521 audiret?
909 460 980 520 In
1009 461 1212 521 eadem
1240 459 1382 521 verb
1404 460 1601 529 scena,
1630 459 1713 520 ita
1739 462 2010 539 perverse
2038 462 2203 543 legit,
2236 477 2302 525 ut
2326 468 2573 531 alterum
2600 491 2704 531 no·

239 541 546 603 venat-ium
573 538 772 609 saciat,
800 539 1044 598 alterum
1073 535 1363 597 senarium
1393 537 1683 617 relinquat
1708 560 1723 595 z
1766 538 1873 608 sic,

638 616 811 671 Quaeso
833 618 1016 681 aedepol,
1041 616 1250 671 Charine,
1274 616 1498 678 quoniam,
1521 618 1565 663 id
1587 616 1683 663 fieri
1704 619 1824 679 quod
1847 618 1929 675 vis,
1955 634 2046 668 non
2068 628 2231 684 potest,
2254 625 2367 673 velis

637 684 774 737 Quod
794 683 935 745 possit
951 700 967 731 z
1003 682 1113 728 nihil
1133 682 1254 729 alind
1273 680 1359 727 nisi
1383 679 1699 729 Philumenam
1720 684 1839 729 volo.

323 746 487 809 cum
514 757 706 806 tamen
735 747 853 805 duo
879 746 1100 823 priores
1126 744 1330 822 optimi
1355 744 1476 802 sint
1499 745 1821 805 octonarii:
1862 746 1967 817 sic,

636 825 810 879 Quaeso
833 826 1018 887 aedepol.
1043 823 1253 878 Charine,
1277 823 1486 885 quoniam
1511 823 1557 869 id
1578 824 1675 870 fieri
1690 825 1811 885 quod
1830 825 1913 880 vis,
1934 840 2029 873 non
2050 834 2215 890 potest,

635 889 764 937 Velis
785 890 904 951 quod
925 889 1094 951 possit:
1128 888 1236 935 nibil
1258 887 1380 935 aliud
1399 886 1488 933 nisi
1509 886 1825 937 Philumenam
1846 890 1971 939 volo.
2206 918 2209 921 ⁴

324 953 526 1013 Etiam
551 952 750 1031 priore
772 952 1016 1012 consilio
1042 962 1468 1010 monometrum
1489 962 1665 1011 vocat
1690 951 1889 1012 illum=

628 1032 706 1079 Ah
729 1031 900 1093 quantd
917 1032 1054 1079 satius
1073 1038 1160 1079 est.

322 1095 596 1155 Dimeter
619 1096 775 1153 enim
805 1107 900 1154 est·
934 1092 1556 1173 brachycatalecticus.
1652 1094 1775 1153 Sed
1815 1104 1877 1154 et
1917 1096 2079 1156 nulla
2112 1100 2461 1161 necessitate
2504 1114 2699 1164 mutat
2752 1150 2760 1162 .

235 1176 338 1237 aba·
359 1174 418 1233 in
444 1174 616 1245 abiu',
657 1174 783 1232 sive
808 1174 998 1243 αὐεαε,
1028 1174 1164 1232 cum
1206 1169 1422 1229 frustra
1462 1180 1633 1248 putat
1672 1171 1889 1251 alioqui
1927 1187 2196 1236 constare
2220 1196 2337 1237 non
2364 1194 2536 1257 posse
2560 1202 2693 1241 ver-

213 1258 388 1313 sum.
428 1252 582 1311 Nam
609 1263 668 1311 et
692 1252 1030 1311 trochaicus
1056 1262 1166 1319 est,
1191 1250 1242 1308 si
1271 1248 1546 1309 collidasz
1588 1260 1648 1308 et
1674 1248 1977 1323 iambicus,
2005 1253 2057 1312 si
2082 1274 2195 1312 non
2218 1256 2479 1318 collidas.
2536 1259 2691 1319 Nam

235 1343 302 1391 et
327 1330 580 1390 maxima
605 1342 698 1389 est
731 1330 816 1389 vis
844 1332 972 1408 ejus
996 1328 1218 1389 vocalis
1245 1346 1378 1404 quae
1405 1338 1495 1385 est
1522 1325 1726 1385 ultima
1764 1327 1823 1387 in
1854 1332 2049 1403 verbo,
2078 1332 2195 1393 abi.
2258 1334 2359 1394 sic
2388 1336 2687 1417 Virgilius,

233 1428 315 1469 eo·
337 1408 732 1489 pulcherrimo
757 1429 950 1477 versu,
975 1428 1095 1485 quo
1125 1405 1508 1465 Theocritum
1538 1405 1841 1467 aemulatus
1867 1418 1957 1467 est
1975 1431 1993 1468 ε

629 1486 698 1535 Ut
719 1488 822 1543 vidi,
844 1496 896 1535 ut
917 1488 1042 1551 perii,
1059 1495 1111 1533 ut
1129 1502 1204 1533 me
1224 1486 1370 1531 malus
1389 1484 1571 1531 abstulit
1592 1499 1731 1531 error.

315 1551 398 1611 Et
423 1548 698 1628 aspiratio
725 1552 994 1629 prohibet
1019 1550 1402 1629 collisionem,
1429 1548 1585 1607 sicut
1612 1548 1729 1606 illi:

624 1630 810 1693 Hecyra
831 1637 904 1677 est
921 1631 1026 1677 huic
1047 1644 1214 1676 nomen
1236 1626 1428 1684 fabulam
1465 1628 1567 1675 haec
1586 1627 1689 1673 edm
1710 1627 1813 1675 data
1833 1634 1919 1677 eat.

315 1694 415 1755 Sic
441 1696 850 1776 imprudentur
875 1694 1044 1753 nimis
1072 1692 1212 1751 elidi
1237 1690 1469 1750 sibilum
1499 1710 1577 1749 ex
1605 1691 1947 1768 pronomine
1974 1692 2127 1753 illius
2152 1694 2383 1757 versun

617 1772 710 1821 sed
729 1772 852 1821 istud
871 1773 1082 1835 quidnam
1101 1779 1170 1819 est
1186 1771 1210 1818 2
1241 1770 1376 1817 hodie
1395 1785 1583 1817 uxorem
1604 1769 1766 1817 ducis?
1796 1770 1937 1819 aiunt.
2004 1771 2251 1835 Pamphile.

315 1837 436 1903 Qui
463 1849 658 1897 tamen
701 1835 1144 1895 rotundissimus
1189 1831 1276 1893 sic
1311 1832 1667 1903 octonarius,
1713 1853 1907 1912 neque
1953 1854 2197 1914 usquam
2243 1848 2517 1899 coactus:
2558 1859 2693 1903 nam

233 1914 408 1995 quod‘
433 1927 630 1973 monet
670 1915 730 1972 in
769 1914 1002 1972 nornine
1025 1913 1284 1995 suspicio,
1311 1913 1544 1971 tertiam
1572 1912 1607 1968 a
1631 1910 1748 1969 fine
1770 1911 2037 1991 produci,
2057 1932 2258 1974 verum
2286 1928 2411 1976 est:
2456 1912 2561 1977 sed
2588 1938 2690 1977 ne·

235 2012 360 2075 que
385 2012 541 2051 nova
565 2012 677 2059 res,
703 2011 899 2068 neque
923 1992 1048 2049 sine
1073 1990 1316 2049 ratione.
1397 1990 1553 2049 Nam
1580 2001 1645 2049 et
1672 1990 1915 2049 Plautus
1946 1990 2029 2050 ita
2052 1992 2317 2071 scripsit:

631 2069 700 2117 Et
721 2086 780 2117 ne
799 2070 843 2115 in
867 2068 1118 2131 suspicione
1137 2080 1326 2130 ponatur
1346 2069 1498 2133 stupri,

629 2132 697 2181 Et
715 2132 988 2182 clandestina
1007 2142 1056 2181 ut
1077 2132 1244 2179 celetur
1263 2134 1470 2197 suspicio.

321 2198 408 2257 Et
431 2197 570 2257 satis
587 2197 770 2277 liquet
793 2198 1077 2258 coaluisse
1104 2197 1248 2255 duas
1270 2198 1500 2257 vocales
1524 2196 1585 2253 in
1614 2214 1809 2257 unam.
1866 2196 2138 2277 Namque
2153 2198 2229 2257 ab
2256 2218 2329 2259 eo
2352 2200 2512 2279 quod
2533 2212 2689 2263 esset

233 2276 600 2357 suspicitum,
621 2276 926 2355 suspicitio
943 2275 1056 2334 fuit
1078 2298 1094 2343 ;
1134 2274 1334 2353 itaque
1354 2272 1490 2334 cum
1509 2274 1620 2333 erit
1636 2275 1845 2346 brevis,
1864 2287 2007 2335 tunc
2026 2275 2387 2358 intelligetur
2400 2299 2683 2363 syncope,

235 2354 368 2416 etim
389 2354 588 2435 longa,
611 2354 954 2435 synaeresis:
998 2372 1076 2412 ex
1104 2372 1178 2411 eo
1207 2372 1444 2433 quoque
1471 2371 1644 2412 versu
1672 2352 1729 2409 in
1760 2354 2021 2413 Andria:

617 2438 694 2482 An
712 2450 804 2482 non
826 2434 918 2481 dixi
943 2435 1026 2480 hoc
1047 2448 1150 2480 esse
1165 2432 1406 2479 futurum?
1438 2430 1581 2489 dixin
1616 2432 1720 2495 quid
1741 2433 1927 2481 meritus
1948 2441 2017 2482 est
2032 2434 2055 2480 ⁰?
2087 2447 2282 2487 crucem.

313 2497 591 2559 Prisciani
619 2499 936 2557 autoritate
960 2496 1108 2555 dicit
1133 2496 1262 2554 tolli
1287 2498 1529 2554 verbum
1558 2497 1999 2557 substantivum.
2082 2502 2217 2565 Quo
2261 2500 2322 2559 in
2367 2500 2504 2561 loco
2542 2502 2687 2562 mihi

229 2578 486 2637 oblatam
512 2576 758 2637 sentiam
777 2576 1146 2637 occasionem
1167 2573 1318 2633 duos
1329 2574 1504 2633 simul
1526 2575 1874 2634 emendandi
1902 2594 2143 2655 magnos
2158 2576 2360 2652 ·viros;
2399 2580 2559 2639 illum
2583 2582 2683 2661 qui

231 2657 458 2727 errarit,
478 2653 635 2717 hunc
662 2656 763 2736 qui
791 2674 907 2715 non
938 2652 1284 2714 correxerit.
1369 2652 1478 2711 Est
1505 2652 1659 2711 enim
1680 2653 1909 2731 integer
1936 2656 2288 2717 octonarius.
2367 2658 2524 2717 Illud
2546 2663 2683 2718 vero

232 2738 360 2813 ejus
385 2737 684 2815 proprium
713 2746 823 2804 est,
852 2737 1021 2813 cujus
1049 2732 1284 2811 culpam
1311 2730 1372 2789 in
1393 2731 1571 2790 alium
1598 2731 1911 2791 transferre
1936 2752 2213 2813 nequeaS.
2268 2736 2423 2799 Nam
2442 2738 2683 2797 verbum

232 2815 658 2875 substantivum
687 2814 996 2893 adfuerunt
1028 2810 1413 2887 trisyllabum,
1443 2810 1739 2889 professus
1767 2822 1855 2870 est
1872 2831 1947 2871 eo
1969 2832 2143 2873 versu
2160 2833 2180 2871 ε

620 2891 743 2941 Ciam
765 2894 812 2939 in
827 2890 1043 2954 pariundo
1065 2890 1234 2951 aliquot
1255 2888 1491 2937 adfuerunt
1509 2889 1675 2938 liberae.

310 2957 436 3023 Qui
460 2968 657 3015 tamen
683 2972 882 3015 versus
906 2953 1165 3012 senarius
1187 2954 1443 3013 iambum
1461 2953 1640 3013 babet
1666 2954 1725 3011 in
1751 2952 1996 3031 quarta:
2036 2953 2313 3013 ferendus
2339 2967 2531 3014 tamen
2562 2968 2687 3017 erat

232 3034 406 3113 quasi
430 3035 648 3111 lapsus,
677 3033 784 3091 nisi
811 3034 996 3091 altero
1021 3050 1219 3089 errore
1246 3032 1480 3111 culpam
1507 3032 1883 3103 cumulasset,
1928 3029 2063 3090 clim
2088 3031 2335 3109 primam
2361 3032 2574 3091 auferri
2594 3038 2687 3113 ju-

231 3114 342 3172 bet
367 3112 652 3189 syllabam
680 3130 757 3167 ex
785 3130 856 3168 eo
881 3128 1072 3177 versu,

623 3186 941 3251 Ausugistin’?
973 3188 1088 3243 hera,
1111 3186 1310 3237 sactum:
1348 3189 1480 3238 satin’
1501 3190 1550 3237 id
1571 3191 1648 3238 tibi
1667 3186 1853 3252 placet?

279 3256 288 3263 ’
313 3254 562 3331 Integer
601 3252 754 3311 enim
801 3250 1060 3311 senarius
1103 3264 1229 3321 est;
1269 3252 1444 3311 etiam
1493 3254 1643 3314 citra
1684 3251 2060 3321 ablationem,
2105 3249 2393 3329 spondaeis
2437 3250 2687 3327 duobus,

227 3346 552 3412 anapaesto,
583 3332 812 3390 duobus
839 3328 1108 3408 dactylis,
1137 3343 1200 3389 et
1226 3344 1522 3409 postremo
1545 3332 1756 3391 iambo.
1837 3331 1930 3390 Ibi
1957 3328 2178 3390 temere
2214 3328 2689 3411 transfertsylla-

229 3412 361 3471 bam
391 3410 685 3549 inferioris
725 3410 786 3469 in
827 3409 1225 3489 superiorem:
1271 3412 1478 3469 contra
1506 3410 1711 3469 debuit
1754 3410 2067 3470 transferre
2112 3409 2173 3469 in
2203 3408 2467 3488 Hecyra,
2495 3430 2689 3491 neque

227 3500 415 3550 transt
479 3490 562 3550 it:

618 3569 740 3625 Quae
761 3567 864 3615 dico
885 3567 1012 3629 parvi
1033 3568 1260 3630 pendent:
1304 3564 1450 3615 Porri)
1470 3567 1560 3614 hoc
1570 3568 1775 3632 jurgium
1798 3568 1855 3617 ad

617 3632 838 3687 Uxorem,
860 3632 960 3679 haec
981 3634 1110 3695 cujus
1131 3631 1248 3680 flunt
1267 3631 1455 3679 consilio
1475 3634 1641 3679 omnia.

259 3772 274 3787 ·
309 3694 480 3833 Siicut
503 3696 972 3775 interjectionem
989 3714 1226 3775 quoque
1247 3695 1453 3755 debuit
1471 3695 1767 3755 ascribere
1782 3693 1968 3775 priori
1984 3694 2177 3755 versui
2202 3694 2263 3753 in
2292 3692 2600 3775 Adelphis,
2622 3706 2693 3756 ut

225 3792 315 3835 alc
363 3786 637 3851 egeratur
657 3796 675 3833 z

613 3854 742 3915 Syre,
767 3858 1094 3917 preceptorum
1116 3852 1276 3915 plenus
1297 3852 1487 3900 istorum
1504 3852 1613 3899 illes
1652 3853 1758 3915 phy,

615 3916 762 3965 Domi
781 3918 938 3964 hahuit
956 3917 1078 3964 unde
1099 3917 1320 3964 disceret:
1355 3917 1408 3964 fit
1429 3914 1602 3965 sedult‘i.

301 3978 688 4071 pestituisset
705 3980 882 4041 etiam
901 3981 962 4039 in
983 3980 1253 4070 ,Hecyrae
1271 3998 1446 4040 versu
1463 3982 1729 4051 verbum,
1754 3990 1819 4038 ut
1844 3978 1922 4039 sit
1938 3978 2332 4058 septmrius,
2360 3998 2433 4041 ac
2452 3998 2560 4062 par
2573 3979 2687 4063 pri-

223 4073 320 4117 on
361 4074 417 4117 st

320 4100 340 4131 ’
421 4076 479 4130 ο,
617 4136 790 4187 Tenum
809 4137 1036 4187 ferantur-2
1075 4137 1196 4186 dixi:
1235 4138 1300 4185 ita
1319 4138 1511 4201 utjubeu
1531 4136 1706 4193 faciam.
1726 4143 1867 4199 pater.

301 4200 451 4263 Non
479 4198 662 4261 debet
683 4201 858 4261 errati
883 4200 1114 4261 censeri
1138 4201 1294 4267 loco,
1319 4201 1463 4260 illud
1492 4200 1549 4258 in
1575 4200 1805 4259 Andria
1832 4214 1913 4259 eo‘
1933 4210 2139 4259 versu:

621 4278 700 4327 Tu
720 4294 814 4327 rem
835 4280 1090 4345 impeditam
1113 4288 1162 4327 et
1182 4280 1400 4343 perditam
1422 4280 1668 4327 restituas?
1698 4280 1803 4327 bem
1826 4294 1916 4341 quo
1938 4277 2081 4325 fretus
2101 4278 2203 4327 sim·

297 4344 375 4417 In
417 4364 539 4425 quo
575 4342 722 4403 dicit
745 4344 870 4403 hem
897 4356 1070 4404 extra
1095 4361 1328 4403 versum
1369 4346 1442 4403 ab
1484 4343 1602 4403 alio
1636 4342 1903 4401 additum
1928 4336 2143 4421 potius,
2172 4340 2347 4421 quam
2484 4340 2629 4398 itum
2654 4335 2691 4392 εὶ

221 4427 432 4500 poeta:
477 4422 615 4484 cum
663 4436 860 4481 tamen
907 4422 1113 4481 mutila
1137 4422 1216 4482 sit
1253 4422 1376 4483 sine
1409 4442 1496 4481 ·eo
1538 4420 1861 4480 sententia:
1904 4433 1965 4480 et
1991 4418 2225 4479 sibilum
2254 4417 2395 4477 elidi
2418 4413 2711 4475 videmus⁴

224 4502 399 4563 etiam
449 4502 510 4562 in
554 4501 756 4563 multis
795 4493 969 4563 locis}
1073 4496 1176 4559 Sic
1217 4500 1498 4561 audacter
1538 4498 1711 4559 nimis
1748 4498 1941 4559 aufert
1966 4498 2209 4557 verbum
2232 4495 2419 4573 cupio,
2466 4512 2544 4554 ex
2581 4486 2683 4548 illo

228 4576 534 4647 Eunuchi.

285 4702 358 4719 -,
2296 4646 2471 4731 „12
