<?xml version="1.0" encoding="UTF-8"?>
<!DOCTYPE html PUBLIC "-//W3C//DTD XHTML 1.0 Transitional//EN"
    "http://www.w3.org/TR/xhtml1/DTD/xhtml1-transitional.dtd">
<html xmlns="http://www.w3.org/1999/xhtml" xml:lang="en" lang="en">
 <head>
  <title>
</title>
<meta http-equiv="Content-Type" content="text/html;charset=utf-8" />
  <meta name='ocr-system' content='tesseract 3.04.00' />
  <meta name='ocr-capabilities' content='ocr_page ocr_carea ocr_par ocr_line ocrx_word'/>
</head>
<body>
  <div class='ocr_page' id='page_1' title='image "./comdisex00unkngoog_0036.png"; bbox 0 0 3067 4959; ppageno 0'>
   <div class='ocr_carea' id='block_1_1' title="bbox 328 331 1916 400">
    <p class='ocr_par' dir='ltr' id='par_1_1' title="bbox 328 331 1916 400">
     <span class='ocr_line' id='line_1_1' title="bbox 328 331 1916 400; baseline 0 0"><span class='ocrx_word' id='word_1_1' title='bbox 328 334 487 400; x_wconf 79' lang='lat' dir='ltr'><strong>xxvi</strong></span> <span class='ocrx_word' id='word_1_2' title='bbox 1182 331 1916 400; x_wconf 84' lang='lat' dir='ltr'><strong>PROLEGOMENA</strong></span> 
     </span>
    </p>
   </div>
   <div class='ocr_carea' id='block_1_2' title="bbox 308 493 2820 3791">
    <p class='ocr_par' dir='ltr' id='par_1_2' title="bbox 332 493 2808 1046">
     <span class='ocr_line' id='line_1_2' title="bbox 332 493 2799 574; baseline 0 -20"><span class='ocrx_word' id='word_1_3' title='bbox 332 495 513 554; x_wconf 66' lang='lat' dir='ltr'><strong>scena</strong></span> <span class='ocrx_word' id='word_1_4' title='bbox 538 493 730 565; x_wconf 68' lang='lat' dir='ltr'><strong>tertia,</strong></span> <span class='ocrx_word' id='word_1_5' title='bbox 762 495 882 554; x_wconf 82' lang='lat' dir='ltr'><strong>Sed</strong></span> <span class='ocrx_word' id='word_1_6' title='bbox 902 513 1085 554; x_wconf 75' lang='lat' dir='ltr'><strong>eccum</strong></span> <span class='ocrx_word' id='word_1_7' title='bbox 1112 495 1273 554; x_wconf 75' lang='lat' dir='ltr'><strong>vide&#39;o</strong></span> <span class='ocrx_word' id='word_1_8' title='bbox 1296 495 1477 574; x_wconf 68' lang='lat' dir='ltr'><strong>ipsum</strong></span> <span class='ocrx_word' id='word_1_9' title='bbox 1492 497 1680 572; x_wconf 66' lang='lat' dir='ltr'><strong>strae</strong></span> <span class='ocrx_word' id='word_1_10' title='bbox 1704 495 1880 555; x_wconf 66' lang='lat' dir='ltr'><strong>exire.</strong></span> <span class='ocrx_word' id='word_1_11' title='bbox 1963 493 2237 556; x_wconf 85' lang='lat' dir='ltr'><strong>Dimeter</strong></span> <span class='ocrx_word' id='word_1_12' title='bbox 2283 506 2374 555; x_wconf 87' lang='lat' dir='ltr'><strong>est</strong></span> <span class='ocrx_word' id='word_1_13' title='bbox 2421 495 2629 573; x_wconf 86' lang='lat' dir='ltr'><strong>plenus</strong></span> <span class='ocrx_word' id='word_1_14' title='bbox 2667 515 2799 554; x_wconf 87' lang='lat' dir='ltr'><strong>cum</strong></span> 
     </span>
     <span class='ocr_line' id='line_1_3' title="bbox 332 572 2805 665; baseline 0.001 -33"><span class='ocrx_word' id='word_1_15' title='bbox 332 573 701 665; x_wconf 77' lang='lat' dir='ltr'><strong>sesquipede.</strong></span> <span class='ocrx_word' id='word_1_16' title='bbox 783 572 1095 644; x_wconf 83' lang='lat' dir='ltr'><strong>Perflcitur</strong></span> <span class='ocrx_word' id='word_1_17' title='bbox 1140 573 1307 632; x_wconf 89' lang='lat' dir='ltr'><strong>initio</strong></span> <span class='ocrx_word' id='word_1_18' title='bbox 1352 593 1548 634; x_wconf 82' lang='lat' dir='ltr'><strong>scenae</strong></span> <span class='ocrx_word' id='word_1_19' title='bbox 1587 593 1618 632; x_wconf 89' lang='lat' dir='ltr'><strong>s</strong></span> <span class='ocrx_word' id='word_1_20' title='bbox 1695 574 1908 644; x_wconf 87' lang='lat' dir='ltr'><strong>uentis,</strong></span> <span class='ocrx_word' id='word_1_21' title='bbox 1953 575 2055 634; x_wconf 79' lang='lat' dir='ltr'><strong>Ad</strong></span> <span class='ocrx_word' id='word_1_22' title='bbox 2089 584 2148 634; x_wconf 71' lang='lat' dir='ltr'><strong>te</strong></span> <span class='ocrx_word' id='word_1_23' title='bbox 2173 575 2345 643; x_wconf 80' lang='lat' dir='ltr'><strong>ibam,</strong></span> <span class='ocrx_word' id='word_1_24' title='bbox 2375 574 2647 652; x_wconf 70' lang='lat' dir='ltr'><strong>quidnam</strong></span> <span class='ocrx_word' id='word_1_25' title='bbox 2677 577 2805 634; x_wconf 73' lang='lat' dir='ltr'><strong>est?</strong></span> 
     </span>
     <span class='ocr_line' id='line_1_4' title="bbox 334 653 2807 732; baseline 0.001 -22"><span class='ocrx_word' id='word_1_26' title='bbox 334 664 404 710; x_wconf 87' lang='lat' dir='ltr'><strong>ut</strong></span> <span class='ocrx_word' id='word_1_27' title='bbox 430 664 507 710; x_wconf 77' lang='lat' dir='ltr'><strong>sit</strong></span> <span class='ocrx_word' id='word_1_28' title='bbox 532 671 747 710; x_wconf 81' lang='lat' dir='ltr'><strong>scazon</strong></span> <span class='ocrx_word' id='word_1_29' title='bbox 777 663 1119 712; x_wconf 79' lang='lat' dir='ltr'><strong>tetrameter</strong></span> <span class='ocrx_word' id='word_1_30' title='bbox 1146 653 1550 712; x_wconf 73' lang='lat' dir='ltr'><strong>catalecticus.</strong></span> <span class='ocrx_word' id='word_1_31' title='bbox 1693 671 2068 732; x_wconf 87' lang='lat' dir='ltr'><strong>onnunquam</strong></span> <span class='ocrx_word' id='word_1_32' title='bbox 2097 653 2282 713; x_wconf 87' lang='lat' dir='ltr'><strong>dictio</strong></span> <span class='ocrx_word' id='word_1_33' title='bbox 2301 672 2435 732; x_wconf 82' lang='lat' dir='ltr'><strong>quae</strong></span> <span class='ocrx_word' id='word_1_34' title='bbox 2457 653 2714 730; x_wconf 83' lang='lat' dir='ltr'><strong>pertinet</strong></span> <span class='ocrx_word' id='word_1_35' title='bbox 2734 654 2807 711; x_wconf 87' lang='lat' dir='ltr'><strong>ad</strong></span> 
     </span>
     <span class='ocr_line' id='line_1_5' title="bbox 334 729 2806 808; baseline -0 -19"><span class='ocrx_word' id='word_1_36' title='bbox 334 747 569 790; x_wconf 83' lang='lat' dir='ltr'><strong>sensum</strong></span> <span class='ocrx_word' id='word_1_37' title='bbox 599 729 797 788; x_wconf 70' lang='lat' dir='ltr'><strong>versus</strong></span> <span class='ocrx_word' id='word_1_38' title='bbox 836 730 1154 808; x_wconf 87' lang='lat' dir='ltr'><strong>sequentis,</strong></span> <span class='ocrx_word' id='word_1_39' title='bbox 1198 750 1307 808; x_wconf 89' lang='lat' dir='ltr'><strong>per</strong></span> <span class='ocrx_word' id='word_1_40' title='bbox 1349 731 1650 789; x_wconf 81' lang='lat' dir='ltr'><strong>elisionem</strong></span> <span class='ocrx_word' id='word_1_41' title='bbox 1693 733 2026 791; x_wconf 79' lang='lat' dir='ltr'><strong>annectitur</strong></span> <span class='ocrx_word' id='word_1_42' title='bbox 2053 731 2156 790; x_wconf 82' lang='lat' dir='ltr'><strong>fini</strong></span> <span class='ocrx_word' id='word_1_43' title='bbox 2189 731 2615 808; x_wconf 82' lang='lat' dir='ltr'><strong>praecedentis:</strong></span> <span class='ocrx_word' id='word_1_44' title='bbox 2657 744 2726 790; x_wconf 91' lang='lat' dir='ltr'><strong>ut</strong></span> <span class='ocrx_word' id='word_1_45' title='bbox 2751 732 2806 790; x_wconf 88' lang='lat' dir='ltr'><strong>in</strong></span> 
     </span>
     <span class='ocr_line' id='line_1_6' title="bbox 336 807 2806 887; baseline 0.002 -22"><span class='ocrx_word' id='word_1_46' title='bbox 336 808 584 887; x_wconf 81' lang='lat' dir='ltr'><strong>prologo</strong></span> <span class='ocrx_word' id='word_1_47' title='bbox 614 807 910 879; x_wconf 82' lang='lat' dir='ltr'><strong>Eunuchi,</strong></span> <span class='ocrx_word' id='word_1_48' title='bbox 946 810 1063 876; x_wconf 84' lang='lat' dir='ltr'><strong>Qui</strong></span> <span class='ocrx_word' id='word_1_49' title='bbox 1087 809 1225 868; x_wconf 81' lang='lat' dir='ltr'><strong>bene</strong></span> <span class='ocrx_word' id='word_1_50' title='bbox 1248 809 1517 869; x_wconf 79' lang='lat' dir='ltr'><strong>vertendo</strong></span> <span class='ocrx_word' id='word_1_51' title='bbox 1543 817 1600 867; x_wconf 81' lang='lat' dir='ltr'><strong>et</strong></span> <span class='ocrx_word' id='word_1_52' title='bbox 1617 829 1714 868; x_wconf 74' lang='lat' dir='ltr'><strong>eas</strong></span> <span class='ocrx_word' id='word_1_53' title='bbox 1739 809 2104 870; x_wconf 77' lang='lat' dir='ltr'><strong>describendo</strong></span> <span class='ocrx_word' id='word_1_54' title='bbox 2127 809 2274 868; x_wconf 68' lang='lat' dir='ltr'><strong>mal?</strong></span> <span class='ocrx_word' id='word_1_55' title='bbox 2299 831 2370 868; x_wconf 76' lang='lat' dir='ltr'><strong>ea:</strong></span> <span class='ocrx_word' id='word_1_56' title='bbox 2389 809 2616 870; x_wconf 80' lang='lat' dir='ltr'><strong>Graecis</strong></span> <span class='ocrx_word' id='word_1_57' title='bbox 2632 808 2806 878; x_wconf 76' lang='lat' dir='ltr'><strong>bonis,</strong></span> 
     </span>
     <span class='ocr_line' id='line_1_7' title="bbox 334 886 2808 966; baseline 0 -21"><span class='ocrx_word' id='word_1_58' title='bbox 334 891 445 945; x_wconf 65' lang='lat' dir='ltr'><strong>dte.</strong></span> <span class='ocrx_word' id='word_1_59' title='bbox 518 886 743 945; x_wconf 87' lang='lat' dir='ltr'><strong>Durius</strong></span> <span class='ocrx_word' id='word_1_60' title='bbox 770 897 879 954; x_wconf 79' lang='lat' dir='ltr'><strong>est,</strong></span> <span class='ocrx_word' id='word_1_61' title='bbox 908 887 1069 956; x_wconf 73' lang='lat' dir='ltr'><strong>cum,</strong></span> <span class='ocrx_word' id='word_1_62' title='bbox 1096 888 1351 946; x_wconf 70' lang='lat' dir='ltr'><strong>dissecta</strong></span> <span class='ocrx_word' id='word_1_63' title='bbox 1376 887 1655 956; x_wconf 84' lang='lat' dir='ltr'><strong>dictione,</strong></span> <span class='ocrx_word' id='word_1_64' title='bbox 1687 887 1846 964; x_wconf 89' lang='lat' dir='ltr'><strong>prior</strong></span> <span class='ocrx_word' id='word_1_65' title='bbox 1871 888 2096 966; x_wconf 84' lang='lat' dir='ltr'><strong>syllaba</strong></span> <span class='ocrx_word' id='word_1_66' title='bbox 2123 887 2254 947; x_wconf 85' lang='lat' dir='ltr'><strong>finit</strong></span> <span class='ocrx_word' id='word_1_67' title='bbox 2287 907 2540 960; x_wconf 84' lang='lat' dir='ltr'><strong>versum,</strong></span> <span class='ocrx_word' id='word_1_68' title='bbox 2569 887 2808 966; x_wconf 80' lang='lat' dir='ltr'><strong>reliquae</strong></span> 
     </span>
     <span class='ocr_line' id='line_1_8' title="bbox 336 963 2254 1046; baseline 0.001 -24"><span class='ocrx_word' id='word_1_69' title='bbox 336 963 625 1043; x_wconf 87' lang='lat' dir='ltr'><strong>incipiunt</strong></span> <span class='ocrx_word' id='word_1_70' title='bbox 648 975 1015 1044; x_wconf 80' lang='lat' dir='ltr'><strong>sequentem,</strong></span> <span class='ocrx_word' id='word_1_71' title='bbox 1046 977 1111 1025; x_wconf 89' lang='lat' dir='ltr'><strong>ut</strong></span> <span class='ocrx_word' id='word_1_72' title='bbox 1140 965 1419 1024; x_wconf 83' lang='lat' dir='ltr'><strong>Eunuchi</strong></span> <span class='ocrx_word' id='word_1_73' title='bbox 1444 965 1614 1026; x_wconf 72' lang='lat' dir='ltr'><strong>actim</strong></span> <span class='ocrx_word' id='word_1_74' title='bbox 1639 966 1798 1024; x_wconf 83' lang='lat' dir='ltr'><strong>tertii</strong></span> <span class='ocrx_word' id='word_1_75' title='bbox 1829 969 2010 1027; x_wconf 71' lang='lat' dir='ltr'><strong>scena</strong></span> <span class='ocrx_word' id='word_1_76' title='bbox 2034 965 2254 1046; x_wconf 69' lang='lat' dir='ltr'><strong>prima:</strong></span> 
     </span>
    </p>

    <p class='ocr_par' dir='ltr' id='par_1_3' title="bbox 854 1058 1873 1124">
     <span class='ocr_line' id='line_1_9' title="bbox 854 1058 1873 1124; baseline -0.001 -14"><span class='ocrx_word' id='word_1_77' title='bbox 854 1058 1085 1110; x_wconf 74' lang='lat' dir='ltr'><strong>Confinud</strong></span> <span class='ocrx_word' id='word_1_78' title='bbox 1104 1061 1143 1108; x_wconf 77' lang='lat' dir='ltr'><strong>si</strong></span> <span class='ocrx_word' id='word_1_79' title='bbox 1162 1061 1341 1124; x_wconf 78' lang='lat' dir='ltr'><strong>quando</strong></span> <span class='ocrx_word' id='word_1_80' title='bbox 1364 1061 1439 1108; x_wconf 81' lang='lat' dir='ltr'><strong>illa</strong></span> <span class='ocrx_word' id='word_1_81' title='bbox 1458 1061 1592 1116; x_wconf 84' lang='lat' dir='ltr'><strong>dicet,</strong></span> <span class='ocrx_word' id='word_1_82' title='bbox 1619 1059 1873 1110; x_wconf 77' lang='lat' dir='ltr'><strong>Pbaedriam</strong></span> 
     </span>
    </p>

    <p class='ocr_par' dir='ltr' id='par_1_4' title="bbox 850 1123 1948 1189">
     <span class='ocr_line' id='line_1_10' title="bbox 850 1123 1948 1189; baseline 0.002 -17"><span class='ocrx_word' id='word_1_83' title='bbox 850 1123 1213 1174; x_wconf 81' lang='lat' dir='ltr'><strong>Intromittamus</strong></span> <span class='ocrx_word' id='word_1_84' title='bbox 1232 1135 1550 1180; x_wconf 70' lang='lat' dir='ltr'><strong>comes-atum,</strong></span> <span class='ocrx_word' id='word_1_85' title='bbox 1573 1133 1623 1173; x_wconf 88' lang='lat' dir='ltr'><strong>tu</strong></span> <span class='ocrx_word' id='word_1_86' title='bbox 1649 1125 1948 1189; x_wconf 79' lang='lat' dir='ltr'><strong>Pamphilam.</strong></span> 
     </span>
    </p>

    <p class='ocr_par' dir='ltr' id='par_1_5' title="bbox 336 1202 2806 1590">
     <span class='ocr_line' id='line_1_11' title="bbox 375 1202 2806 1287; baseline 0.003 -29"><span class='ocrx_word' id='word_1_87' title='bbox 375 1247 397 1258; x_wconf 73' lang='lat'><strong>-</strong></span> <span class='ocrx_word' id='word_1_88' title='bbox 418 1202 707 1263; x_wconf 87' lang='lat' dir='ltr'><strong>Elisiones</strong></span> <span class='ocrx_word' id='word_1_89' title='bbox 733 1204 874 1264; x_wconf 88' lang='lat' dir='ltr'><strong>item</strong></span> <span class='ocrx_word' id='word_1_90' title='bbox 902 1217 965 1264; x_wconf 87' lang='lat' dir='ltr'><strong>et</strong></span> <span class='ocrx_word' id='word_1_91' title='bbox 992 1225 1331 1282; x_wconf 84' lang='lat' dir='ltr'><strong>synaereses,</strong></span> <span class='ocrx_word' id='word_1_92' title='bbox 1358 1205 1682 1284; x_wconf 85' lang='lat' dir='ltr'><strong>praesertim</strong></span> <span class='ocrx_word' id='word_1_93' title='bbox 1709 1206 1904 1266; x_wconf 62' lang='lat' dir='ltr'><strong>minus</strong></span> <span class='ocrx_word' id='word_1_94' title='bbox 1945 1207 2174 1268; x_wconf 59' lang='lat' dir='ltr'><strong>usitatas</strong></span> <span class='ocrx_word' id='word_1_95' title='bbox 2213 1207 2372 1287; x_wconf 85' lang='lat' dir='ltr'><strong>apud</strong></span> <span class='ocrx_word' id='word_1_96' title='bbox 2427 1207 2806 1277; x_wconf 85' lang='lat' dir='ltr'><strong>recentiores,</strong></span> 
     </span>
     <span class='ocr_line' id='line_1_12' title="bbox 336 1281 2806 1363; baseline 0.002 -23"><span class='ocrx_word' id='word_1_97' title='bbox 336 1281 564 1342; x_wconf 75' lang='lat' dir='ltr'><strong>faciunt</strong></span> <span class='ocrx_word' id='word_1_98' title='bbox 592 1294 656 1341; x_wconf 91' lang='lat' dir='ltr'><strong>ut</strong></span> <span class='ocrx_word' id='word_1_99' title='bbox 684 1283 873 1342; x_wconf 89' lang='lat' dir='ltr'><strong>lector</strong></span> <span class='ocrx_word' id='word_1_100' title='bbox 896 1283 1213 1363; x_wconf 88' lang='lat' dir='ltr'><strong>impeditus</strong></span> <span class='ocrx_word' id='word_1_101' title='bbox 1238 1284 1582 1363; x_wconf 82' lang='lat' dir='ltr'><strong>frequenter</strong></span> <span class='ocrx_word' id='word_1_102' title='bbox 1625 1284 1843 1344; x_wconf 69' lang='lat' dir='ltr'><strong>hereat</strong></span> <span class='ocrx_word' id='word_1_103' title='bbox 1869 1285 1928 1343; x_wconf 90' lang='lat' dir='ltr'><strong>in</strong></span> <span class='ocrx_word' id='word_1_104' title='bbox 1957 1287 2233 1345; x_wconf 82' lang='lat' dir='ltr'><strong>carmine.</strong></span> <span class='ocrx_word' id='word_1_105' title='bbox 2317 1286 2575 1344; x_wconf 88' lang='lat' dir='ltr'><strong>Eliditur</strong></span> <span class='ocrx_word' id='word_1_106' title='bbox 2610 1297 2806 1346; x_wconf 85' lang='lat' dir='ltr'><strong>autem</strong></span> 
     </span>
     <span class='ocr_line' id='line_1_13' title="bbox 336 1359 2806 1436; baseline 0.003 -18"><span class='ocrx_word' id='word_1_107' title='bbox 336 1361 397 1418; x_wconf 89' lang='lat' dir='ltr'><strong>in</strong></span> <span class='ocrx_word' id='word_1_108' title='bbox 427 1359 667 1419; x_wconf 90' lang='lat' dir='ltr'><strong>comicis</strong></span> <span class='ocrx_word' id='word_1_109' title='bbox 687 1361 948 1421; x_wconf 83' lang='lat' dir='ltr'><strong>versibus</strong></span> <span class='ocrx_word' id='word_1_110' title='bbox 970 1385 1004 1421; x_wconf 83' lang='lat' dir='ltr'><strong><em>v</em></strong></span> <span class='ocrx_word' id='word_1_111' title='bbox 1027 1382 1373 1432; x_wconf 79' lang='lat' dir='ltr'><strong>consonans,</strong></span> <span class='ocrx_word' id='word_1_112' title='bbox 1403 1373 1471 1422; x_wconf 90' lang='lat' dir='ltr'><strong>ut</strong></span> <span class='ocrx_word' id='word_1_113' title='bbox 1486 1363 1544 1419; x_wconf 90' lang='lat' dir='ltr'><strong>in</strong></span> <span class='ocrx_word' id='word_1_114' title='bbox 1573 1362 1754 1421; x_wconf 65' lang='lat' dir='ltr'><strong>scena</strong></span> <span class='ocrx_word' id='word_1_115' title='bbox 1777 1365 1823 1422; x_wconf 89' lang='lat'><strong>1.</strong></span> <span class='ocrx_word' id='word_1_116' title='bbox 1891 1365 2028 1424; x_wconf 82' lang='lat' dir='ltr'><strong>Sine</strong></span> <span class='ocrx_word' id='word_1_117' title='bbox 2049 1363 2268 1424; x_wconf 68' lang='lat' dir='ltr'><strong>invidia</strong></span> <span class='ocrx_word' id='word_1_118' title='bbox 2287 1363 2509 1424; x_wconf 79' lang='lat' dir='ltr'><strong>laudem</strong></span> <span class='ocrx_word' id='word_1_119' title='bbox 2530 1367 2806 1436; x_wconf 75' lang='lat' dir='ltr'><strong>invenias,</strong></span> 
     </span>
     <span class='ocr_line' id='line_1_14' title="bbox 338 1439 2805 1522; baseline 0.002 -24"><span class='ocrx_word' id='word_1_120' title='bbox 338 1449 395 1498; x_wconf 82' lang='lat' dir='ltr'><strong>et</strong></span> <span class='ocrx_word' id='word_1_121' title='bbox 422 1439 628 1498; x_wconf 72' lang='lat' dir='ltr'><strong>amicos</strong></span> <span class='ocrx_word' id='word_1_122' title='bbox 648 1460 839 1518; x_wconf 81' lang='lat' dir='ltr'><strong>pares.</strong></span> <span class='ocrx_word' id='word_1_123' title='bbox 924 1441 1151 1501; x_wconf 84' lang='lat' dir='ltr'><strong>Rursus</strong></span> <span class='ocrx_word' id='word_1_124' title='bbox 1179 1441 1414 1508; x_wconf 87' lang='lat' dir='ltr'><strong>ibidem,</strong></span> <span class='ocrx_word' id='word_1_125' title='bbox 1472 1440 1744 1500; x_wconf 53' lang='lat' dir='ltr'><strong>Libericis</strong></span> <span class='ocrx_word' id='word_1_126' title='bbox 1770 1443 1997 1502; x_wconf 81' lang='lat' dir='ltr'><strong>vivendi</strong></span> <span class='ocrx_word' id='word_1_127' title='bbox 1995 1445 2134 1522; x_wconf 77' lang='lat' dir='ltr'><strong>suit</strong></span> <span class='ocrx_word' id='word_1_128' title='bbox 2153 1453 2425 1521; x_wconf 76' lang='lat' dir='ltr'><strong>potestas,</strong></span> <span class='ocrx_word' id='word_1_129' title='bbox 2455 1464 2586 1502; x_wconf 83' lang='lat' dir='ltr'><strong>nam</strong></span> <span class='ocrx_word' id='word_1_130' title='bbox 2615 1453 2805 1514; x_wconf 74' lang='lat' dir='ltr'><strong>antea,</strong></span> 
     </span>
     <span class='ocr_line' id='line_1_15' title="bbox 337 1517 2347 1590; baseline 0.002 -16"><span class='ocrx_word' id='word_1_131' title='bbox 337 1523 445 1576; x_wconf 69' lang='lat' dir='ltr'><strong>dcc.</strong></span> <span class='ocrx_word' id='word_1_132' title='bbox 528 1518 681 1576; x_wconf 84' lang='lat' dir='ltr'><strong>Item</strong></span> <span class='ocrx_word' id='word_1_133' title='bbox 708 1517 767 1574; x_wconf 88' lang='lat' dir='ltr'><strong>in</strong></span> <span class='ocrx_word' id='word_1_134' title='bbox 796 1520 979 1577; x_wconf 67' lang='lat' dir='ltr'><strong>scena</strong></span> <span class='ocrx_word' id='word_1_135' title='bbox 1004 1521 1198 1588; x_wconf 69' lang='lat' dir='ltr'><strong>tertia,</strong></span> <span class='ocrx_word' id='word_1_136' title='bbox 1228 1521 1556 1589; x_wconf 84' lang='lat' dir='ltr'><strong>Enimvero,</strong></span> <span class='ocrx_word' id='word_1_137' title='bbox 1585 1521 1768 1588; x_wconf 82' lang='lat' dir='ltr'><strong>Dave,</strong></span> <span class='ocrx_word' id='word_1_138' title='bbox 1799 1521 1948 1580; x_wconf 73' lang='lat' dir='ltr'><strong>nihil</strong></span> <span class='ocrx_word' id='word_1_139' title='bbox 1971 1519 2082 1581; x_wconf 85' lang='lat' dir='ltr'><strong>Ioci</strong></span> <span class='ocrx_word' id='word_1_140' title='bbox 2108 1531 2210 1590; x_wconf 79' lang='lat' dir='ltr'><strong>est,</strong></span> <span class='ocrx_word' id='word_1_141' title='bbox 2241 1526 2347 1580; x_wconf 69' lang='grc' dir='ltr'><strong>ὅτε.</strong></span> 
     </span>
    </p>

    <p class='ocr_par' dir='ltr' id='par_1_6' title="bbox 340 1597 2808 1753">
     <span class='ocr_line' id='line_1_16' title="bbox 421 1597 2808 1679; baseline 0.003 -24"><span class='ocrx_word' id='word_1_142' title='bbox 421 1597 673 1655; x_wconf 81' lang='lat' dir='ltr'><strong>Carmen</strong></span> <span class='ocrx_word' id='word_1_143' title='bbox 704 1597 857 1654; x_wconf 89' lang='lat' dir='ltr'><strong>enim</strong></span> <span class='ocrx_word' id='word_1_144' title='bbox 897 1597 1105 1677; x_wconf 85' lang='lat' dir='ltr'><strong>incipit</strong></span> <span class='ocrx_word' id='word_1_145' title='bbox 1144 1601 1218 1658; x_wconf 90' lang='lat' dir='ltr'><strong>ab</strong></span> <span class='ocrx_word' id='word_1_146' title='bbox 1246 1607 1564 1678; x_wconf 67' lang='lat' dir='ltr'><strong>anapaesto.</strong></span> <span class='ocrx_word' id='word_1_147' title='bbox 1645 1597 1726 1656; x_wconf 89' lang='lat' dir='ltr'><strong>Et</strong></span> <span class='ocrx_word' id='word_1_148' title='bbox 1766 1599 1902 1658; x_wconf 68' lang='lat' dir='ltr'><strong>ante</strong></span> <span class='ocrx_word' id='word_1_149' title='bbox 1933 1600 1988 1656; x_wconf 90' lang='lat' dir='ltr'><strong>in</strong></span> <span class='ocrx_word' id='word_1_150' title='bbox 2031 1602 2210 1658; x_wconf 71' lang='lat' dir='ltr'><strong>scena</strong></span> <span class='ocrx_word' id='word_1_151' title='bbox 2249 1601 2456 1679; x_wconf 65' lang='lat' dir='ltr'><strong>prima,</strong></span> <span class='ocrx_word' id='word_1_152' title='bbox 2501 1599 2808 1662; x_wconf 79' lang='lat' dir='ltr'><strong>Enimvero</strong></span> 
     </span>
     <span class='ocr_line' id='line_1_17' title="bbox 340 1675 841 1753; baseline -0.008 -19"><span class='ocrx_word' id='word_1_153' title='bbox 340 1683 649 1753; x_wconf 70' lang='lat' dir='ltr'><strong>spectatum</strong></span> <span class='ocrx_word' id='word_1_154' title='bbox 678 1675 841 1734; x_wconf 76' lang='lat' dir='ltr'><strong>satis.</strong></span> 
     </span>
    </p>

    <p class='ocr_par' dir='ltr' id='par_1_7' title="bbox 422 1751 2808 1835">
     <span class='ocr_line' id='line_1_18' title="bbox 422 1751 2808 1835; baseline 0.003 -25"><span class='ocrx_word' id='word_1_155' title='bbox 422 1751 679 1810; x_wconf 88' lang='lat' dir='ltr'><strong>Eliditur</strong></span> <span class='ocrx_word' id='word_1_156' title='bbox 694 1765 757 1810; x_wconf 88' lang='lat' dir='ltr'><strong>et</strong></span> <span class='ocrx_word' id='word_1_157' title='bbox 770 1774 817 1822; x_wconf 79' lang='lat' dir='ltr'><strong>s,</strong></span> <span class='ocrx_word' id='word_1_158' title='bbox 837 1764 960 1812; x_wconf 89' lang='lat' dir='ltr'><strong>tum</strong></span> <span class='ocrx_word' id='word_1_159' title='bbox 983 1754 1040 1812; x_wconf 91' lang='lat' dir='ltr'><strong>in</strong></span> <span class='ocrx_word' id='word_1_160' title='bbox 1066 1754 1201 1823; x_wconf 85' lang='lat' dir='ltr'><strong>fine,</strong></span> <span class='ocrx_word' id='word_1_161' title='bbox 1222 1767 1345 1814; x_wconf 89' lang='lat' dir='ltr'><strong>tum</strong></span> <span class='ocrx_word' id='word_1_162' title='bbox 1370 1755 1425 1812; x_wconf 89' lang='lat' dir='ltr'><strong>in</strong></span> <span class='ocrx_word' id='word_1_163' title='bbox 1447 1753 1640 1814; x_wconf 69' lang='lat' dir='ltr'><strong>media</strong></span> <span class='ocrx_word' id='word_1_164' title='bbox 1657 1753 1932 1815; x_wconf 85' lang='lat' dir='ltr'><strong>dictione.</strong></span> <span class='ocrx_word' id='word_1_165' title='bbox 1991 1757 2058 1814; x_wconf 91' lang='lat' dir='ltr'><strong>In</strong></span> <span class='ocrx_word' id='word_1_166' title='bbox 2079 1755 2214 1826; x_wconf 82' lang='lat' dir='ltr'><strong>fine,</strong></span> <span class='ocrx_word' id='word_1_167' title='bbox 2235 1769 2302 1815; x_wconf 90' lang='lat' dir='ltr'><strong>ut</strong></span> <span class='ocrx_word' id='word_1_168' title='bbox 2319 1755 2378 1814; x_wconf 89' lang='lat' dir='ltr'><strong>in</strong></span> <span class='ocrx_word' id='word_1_169' title='bbox 2396 1756 2582 1835; x_wconf 68' lang='lat' dir='ltr'><strong>prima</strong></span> <span class='ocrx_word' id='word_1_170' title='bbox 2599 1763 2808 1818; x_wconf 65' lang='lat' dir='ltr'><strong>scena:</strong></span> 
     </span>
    </p>

    <p class='ocr_par' dir='ltr' id='par_1_8' title="bbox 423 1831 2610 1916">
     <span class='ocr_line' id='line_1_19' title="bbox 423 1831 2610 1916; baseline 0.003 -26"><span class='ocrx_word' id='word_1_171' title='bbox 423 1833 543 1890; x_wconf 84' lang='lat' dir='ltr'><strong>Sed</strong></span> <span class='ocrx_word' id='word_1_172' title='bbox 566 1831 709 1909; x_wconf 78' lang='lat' dir='ltr'><strong>qaid</strong></span> <span class='ocrx_word' id='word_1_173' title='bbox 732 1851 871 1910; x_wconf 76' lang='lat' dir='ltr'><strong>opus</strong></span> <span class='ocrx_word' id='word_1_174' title='bbox 896 1843 977 1891; x_wconf 77' lang='lat' dir='ltr'><strong>est</strong></span> <span class='ocrx_word' id='word_1_175' title='bbox 1004 1834 1188 1893; x_wconf 76' lang='lat' dir='ltr'><strong>verbis</strong></span> <span class='ocrx_word' id='word_1_176' title='bbox 1204 1836 1237 1892; x_wconf 69' lang='grc' dir='ltr'><strong>’ἒ</strong></span> <span class='ocrx_word' id='word_1_177' title='bbox 1282 1835 1399 1894; x_wconf 82' lang='lat' dir='ltr'><strong>Sed</strong></span> <span class='ocrx_word' id='word_1_178' title='bbox 1424 1835 1568 1916; x_wconf 82' lang='lat' dir='ltr'><strong>quid</strong></span> <span class='ocrx_word' id='word_1_179' title='bbox 1589 1835 1786 1914; x_wconf 78' lang='lat' dir='ltr'><strong>opu’st.</strong></span> <span class='ocrx_word' id='word_1_180' title='bbox 1871 1833 2032 1894; x_wconf 65' lang='lat' dir='ltr'><strong>Elisa</strong></span> <span class='ocrx_word' id='word_1_181' title='bbox 2057 1835 2229 1894; x_wconf 87' lang='lat' dir='ltr'><strong>simul</strong></span> <span class='ocrx_word' id='word_1_182' title='bbox 2257 1847 2318 1894; x_wconf 89' lang='lat' dir='ltr'><strong>et</strong></span> <span class='ocrx_word' id='word_1_183' title='bbox 2345 1836 2532 1896; x_wconf 86' lang='lat' dir='ltr'><strong>vocali</strong></span> <span class='ocrx_word' id='word_1_184' title='bbox 2559 1859 2610 1896; x_wconf 85' lang='lat' dir='ltr'><strong>e.</strong></span> 
     </span>
    </p>

    <p class='ocr_par' dir='ltr' id='par_1_9' title="bbox 420 1907 2150 1994">
     <span class='ocr_line' id='line_1_20' title="bbox 420 1907 2150 1994; baseline 0.004 -28"><span class='ocrx_word' id='word_1_185' title='bbox 420 1908 587 1967; x_wconf 87' lang='lat' dir='ltr'><strong>Idem</strong></span> <span class='ocrx_word' id='word_1_186' title='bbox 615 1907 683 1966; x_wconf 84' lang='lat' dir='ltr'><strong>fit</strong></span> <span class='ocrx_word' id='word_1_187' title='bbox 712 1909 769 1967; x_wconf 90' lang='lat' dir='ltr'><strong>in</strong></span> <span class='ocrx_word' id='word_1_188' title='bbox 794 1911 949 1970; x_wconf 77' lang='lat' dir='ltr'><strong>satis.</strong></span> <span class='ocrx_word' id='word_1_189' title='bbox 1036 1914 1161 1971; x_wconf 83' lang='lat' dir='ltr'><strong>Nec</strong></span> <span class='ocrx_word' id='word_1_190' title='bbox 1187 1913 1329 1973; x_wconf 79' lang='lat' dir='ltr'><strong>satis</strong></span> <span class='ocrx_word' id='word_1_191' title='bbox 1354 1914 1531 1994; x_wconf 81' lang='lat' dir='ltr'><strong>digna</strong></span> <span class='ocrx_word' id='word_1_192' title='bbox 1560 1913 1653 1972; x_wconf 83' lang='lat' dir='ltr'><strong>cui</strong></span> <span class='ocrx_word' id='word_1_193' title='bbox 1677 1914 2008 1984; x_wconf 74' lang='lat' dir='ltr'><strong>committas,</strong></span> <span class='ocrx_word' id='word_1_194' title='bbox 2037 1919 2150 1973; x_wconf 68' lang='lat' dir='ltr'><strong>dcc.</strong></span> 
     </span>
    </p>

    <p class='ocr_par' dir='ltr' id='par_1_10' title="bbox 339 1987 2816 2378">
     <span class='ocr_line' id='line_1_21' title="bbox 422 1987 2808 2074; baseline 0.003 -29"><span class='ocrx_word' id='word_1_195' title='bbox 422 1987 649 2048; x_wconf 82' lang='lat' dir='ltr'><strong>Rursus</strong></span> <span class='ocrx_word' id='word_1_196' title='bbox 692 1988 748 2044; x_wconf 87' lang='lat' dir='ltr'><strong>in</strong></span> <span class='ocrx_word' id='word_1_197' title='bbox 790 1990 957 2066; x_wconf 91' lang='lat' dir='ltr'><strong>prolo</strong></span> <span class='ocrx_word' id='word_1_198' title='bbox 1002 2011 1037 2048; x_wconf 93' lang='lat' dir='ltr'><strong>o</strong></span> <span class='ocrx_word' id='word_1_199' title='bbox 1069 1991 1329 2061; x_wconf 85' lang='lat' dir='ltr'><strong>Andrioe,</strong></span> <span class='ocrx_word' id='word_1_200' title='bbox 1370 1991 1438 2050; x_wconf 79' lang='lat' dir='ltr'><strong>fit</strong></span> <span class='ocrx_word' id='word_1_201' title='bbox 1484 1991 1544 2050; x_wconf 92' lang='lat' dir='ltr'><strong>in</strong></span> <span class='ocrx_word' id='word_1_202' title='bbox 1595 1991 1787 2050; x_wconf 88' lang='lat' dir='ltr'><strong>medio</strong></span> <span class='ocrx_word' id='word_1_203' title='bbox 1835 1992 2129 2062; x_wconf 90' lang='lat' dir='ltr'><strong>dictionis,</strong></span> <span class='ocrx_word' id='word_1_204' title='bbox 2175 1993 2256 2052; x_wconf 86' lang='lat' dir='ltr'><strong>Id</strong></span> <span class='ocrx_word' id='word_1_205' title='bbox 2297 1993 2396 2054; x_wconf 76' lang='lat' dir='ltr'><strong>isti</strong></span> <span class='ocrx_word' id='word_1_206' title='bbox 2439 1993 2769 2074; x_wconf 79' lang='lat' dir='ltr'><strong>vituperant</strong></span> <span class='ocrx_word' id='word_1_207' title='bbox 2790 2017 2808 2051; x_wconf 84' lang='lat'><strong>.-</strong></span> 
     </span>
     <span class='ocr_line' id='line_1_22' title="bbox 340 2010 2812 2150; baseline 0.004 -28"><span class='ocrx_word' id='word_1_208' title='bbox 340 2063 585 2145; x_wconf 85' lang='lat' dir='ltr'><strong>aliisque</strong></span> <span class='ocrx_word' id='word_1_209' title='bbox 610 2067 757 2126; x_wconf 90' lang='lat' dir='ltr'><strong>locis</strong></span> <span class='ocrx_word' id='word_1_210' title='bbox 784 2010 1471 2150; x_wconf 51' lang='lat' dir='ltr'><strong>compfuribus,&#39;quorum</strong></span> <span class='ocrx_word' id='word_1_211' title='bbox 1500 2070 1722 2149; x_wconf 77' lang='lat' dir='ltr'><strong>aliquot</strong></span> <span class='ocrx_word' id='word_1_212' title='bbox 1743 2070 1801 2128; x_wconf 87' lang='lat' dir='ltr'><strong>in</strong></span> <span class='ocrx_word' id='word_1_213' title='bbox 1829 2072 2092 2150; x_wconf 86' lang='lat' dir='ltr'><strong>margine</strong></span> <span class='ocrx_word' id='word_1_214' title='bbox 2120 2071 2549 2132; x_wconf 77' lang='lat' dir='ltr'><strong>annotavimus.</strong></span> <span class='ocrx_word' id='word_1_215' title='bbox 2618 2073 2812 2131; x_wconf 88' lang='lat' dir='ltr'><strong>Inter-</strong></span> 
     </span>
     <span class='ocr_line' id='line_1_23' title="bbox 340 2142 2812 2228; baseline 0.003 -28"><span class='ocrx_word' id='word_1_216' title='bbox 340 2142 481 2202; x_wconf 89' lang='lat' dir='ltr'><strong>dum</strong></span> <span class='ocrx_word' id='word_1_217' title='bbox 510 2144 739 2203; x_wconf 87' lang='lat' dir='ltr'><strong>elidunt</strong></span> <span class='ocrx_word' id='word_1_218' title='bbox 758 2143 799 2213; x_wconf 80' lang='lat' dir='ltr'><strong>l,</strong></span> <span class='ocrx_word' id='word_1_219' title='bbox 818 2157 883 2204; x_wconf 85' lang='lat' dir='ltr'><strong>ut</strong></span> <span class='ocrx_word' id='word_1_220' title='bbox 906 2146 963 2203; x_wconf 88' lang='lat' dir='ltr'><strong>in</strong></span> <span class='ocrx_word' id='word_1_221' title='bbox 986 2148 1173 2226; x_wconf 71' lang='lat' dir='ltr'><strong>prima</strong></span> <span class='ocrx_word' id='word_1_222' title='bbox 1192 2151 1369 2208; x_wconf 66' lang='lat' dir='ltr'><strong>scena</strong></span> <span class='ocrx_word' id='word_1_223' title='bbox 1400 2149 1663 2217; x_wconf 83' lang='lat' dir='ltr'><strong>Andriae,</strong></span> <span class='ocrx_word' id='word_1_224' title='bbox 1695 2151 1821 2208; x_wconf 88' lang='lat' dir='ltr'><strong>Pro</strong></span> <span class='ocrx_word' id='word_1_225' title='bbox 1839 2171 2012 2209; x_wconf 68' lang='lat' dir='ltr'><strong>uxore</strong></span> <span class='ocrx_word' id='word_1_226' title='bbox 2029 2151 2238 2209; x_wconf 73' lang='lat' dir='ltr'><strong>habere</strong></span> <span class='ocrx_word' id='word_1_227' title='bbox 2255 2151 2404 2208; x_wconf 78' lang='lat' dir='ltr'><strong>hana</strong></span> <span class='ocrx_word' id='word_1_228' title='bbox 2417 2152 2812 2228; x_wconf 81' lang='lat' dir='ltr'><strong>peregrinam,</strong></span> 
     </span>
     <span class='ocr_line' id='line_1_24' title="bbox 339 2221 2816 2306; baseline 0.003 -27"><span class='ocrx_word' id='word_1_229' title='bbox 339 2241 444 2300; x_wconf 88' lang='lat' dir='ltr'><strong>ego</strong></span> <span class='ocrx_word' id='word_1_230' title='bbox 471 2221 619 2280; x_wconf 80' lang='lat' dir='ltr'><strong>illud</strong></span> <span class='ocrx_word' id='word_1_231' title='bbox 640 2221 831 2280; x_wconf 62' lang='lat' dir='ltr'><strong>sedum</strong></span> <span class='ocrx_word' id='word_1_232' title='bbox 856 2247 873 2278; x_wconf 91' lang='lat'><strong>.·</strong></span> <span class='ocrx_word' id='word_1_233' title='bbox 904 2235 968 2282; x_wconf 88' lang='lat' dir='ltr'><strong>ut</strong></span> <span class='ocrx_word' id='word_1_234' title='bbox 990 2227 1222 2306; x_wconf 69' lang='lat' dir='ltr'><strong>grinam</strong></span> <span class='ocrx_word' id='word_1_235' title='bbox 1250 2247 1355 2302; x_wconf 76' lang='lat' dir='ltr'><strong>ego</strong></span> <span class='ocrx_word' id='word_1_236' title='bbox 1380 2223 1443 2294; x_wconf 80' lang='lat' dir='ltr'><strong>il,</strong></span> <span class='ocrx_word' id='word_1_237' title='bbox 1472 2225 1693 2283; x_wconf 81' lang='lat' dir='ltr'><strong>faciant</strong></span> <span class='ocrx_word' id='word_1_238' title='bbox 1720 2225 2043 2302; x_wconf 82' lang='lat' dir='ltr'><strong>dactylum.</strong></span> <span class='ocrx_word' id='word_1_239' title='bbox 2127 2228 2304 2283; x_wconf 90' lang='lat' dir='ltr'><strong>Hanc</strong></span> <span class='ocrx_word' id='word_1_240' title='bbox 2331 2227 2664 2285; x_wconf 86' lang='lat' dir='ltr'><strong>libertatem</strong></span> <span class='ocrx_word' id='word_1_241' title='bbox 2692 2227 2816 2287; x_wconf 82' lang='lat' dir='ltr'><strong>fre-</strong></span> 
     </span>
     <span class='ocr_line' id='line_1_25' title="bbox 340 2298 2502 2378; baseline -0 -22"><span class='ocrx_word' id='word_1_242' title='bbox 340 2311 591 2376; x_wconf 86' lang='lat' dir='ltr'><strong>quenter</strong></span> <span class='ocrx_word' id='word_1_243' title='bbox 616 2313 858 2378; x_wconf 82' lang='lat' dir='ltr'><strong>usurpat</strong></span> <span class='ocrx_word' id='word_1_244' title='bbox 888 2303 1205 2374; x_wconf 83' lang='lat' dir='ltr'><strong>Homerus,</strong></span> <span class='ocrx_word' id='word_1_245' title='bbox 1232 2305 1373 2362; x_wconf 87' lang='lat' dir='ltr'><strong>dum</strong></span> <span class='ocrx_word' id='word_1_246' title='bbox 1399 2323 1428 2360; x_wconf 81' lang='lat' dir='ltr'><strong>s</strong></span> <span class='ocrx_word' id='word_1_247' title='bbox 1454 2301 1621 2360; x_wconf 89' lang='lat' dir='ltr'><strong>elidit</strong></span> <span class='ocrx_word' id='word_1_248' title='bbox 1646 2302 1706 2359; x_wconf 90' lang='lat' dir='ltr'><strong>in</strong></span> <span class='ocrx_word' id='word_1_249' title='bbox 1733 2299 1969 2373; x_wconf 78' lang='grc' dir='ltr'><strong><em>ὀδυσεῦς,</em></strong></span> <span class='ocrx_word' id='word_1_250' title='bbox 1999 2313 2060 2360; x_wconf 89' lang='lat' dir='ltr'><strong>et</strong></span> <span class='ocrx_word' id='word_1_251' title='bbox 2085 2302 2125 2373; x_wconf 88' lang='lat' dir='ltr'><strong>l,</strong></span> <span class='ocrx_word' id='word_1_252' title='bbox 2153 2303 2214 2358; x_wconf 90' lang='lat' dir='ltr'><strong>in</strong></span> <span class='ocrx_word' id='word_1_253' title='bbox 2243 2298 2284 2357; x_wconf 80' lang='grc' dir='ltr'><strong>αἱ</strong></span> <span class='ocrx_word' id='word_1_254' title='bbox 2339 2298 2502 2365; x_wconf 79' lang='grc' dir='ltr'><strong><em>ιλεύς.</em></strong></span> 
     </span>
    </p>

    <p class='ocr_par' dir='ltr' id='par_1_11' title="bbox 338 2379 2820 2613">
     <span class='ocr_line' id='line_1_26' title="bbox 423 2379 2820 2456; baseline 0.003 -20"><span class='ocrx_word' id='word_1_255' title='bbox 423 2379 840 2456; x_wconf 81' lang='lat' dir='ltr'><strong>Saepenumero</strong></span> <span class='ocrx_word' id='word_1_256' title='bbox 862 2383 1292 2441; x_wconf 86' lang='lat' dir='ltr'><strong>contrahuntur</strong></span> <span class='ocrx_word' id='word_1_257' title='bbox 1308 2380 1562 2450; x_wconf 83' lang='lat' dir='ltr'><strong>vocales,</strong></span> <span class='ocrx_word' id='word_1_258' title='bbox 1579 2381 1740 2438; x_wconf 87' lang='lat' dir='ltr'><strong>velut</strong></span> <span class='ocrx_word' id='word_1_259' title='bbox 1759 2379 1816 2436; x_wconf 91' lang='lat' dir='ltr'><strong>in</strong></span> <span class='ocrx_word' id='word_1_260' title='bbox 1837 2379 2103 2456; x_wconf 78' lang='lat' dir='ltr'><strong>bis,fieit,</strong></span> <span class='ocrx_word' id='word_1_261' title='bbox 2123 2379 2274 2449; x_wconf 72' lang='lat' dir='ltr'><strong>cleo-5,</strong></span> <span class='ocrx_word' id='word_1_262' title='bbox 2333 2379 2432 2447; x_wconf 68' lang='lat' dir='ltr'><strong>iet,</strong></span> <span class='ocrx_word' id='word_1_263' title='bbox 2453 2397 2626 2447; x_wconf 77' lang='lat' dir='ltr'><strong>meus,</strong></span> <span class='ocrx_word' id='word_1_264' title='bbox 2647 2399 2820 2456; x_wconf 70' lang='lat' dir='ltr'><strong>suits,</strong></span> 
     </span>
     <span class='ocr_line' id='line_1_27' title="bbox 338 2455 2819 2546; baseline 0.002 -32"><span class='ocrx_word' id='word_1_265' title='bbox 338 2456 506 2524; x_wconf 74' lang='lat' dir='ltr'><strong>scias,</strong></span> <span class='ocrx_word' id='word_1_266' title='bbox 528 2456 691 2526; x_wconf 82' lang='lat' dir='ltr'><strong>nihil,</strong></span> <span class='ocrx_word' id='word_1_267' title='bbox 711 2457 869 2528; x_wconf 76' lang='lat' dir='ltr'><strong>mihi,</strong></span> <span class='ocrx_word' id='word_1_268' title='bbox 898 2470 965 2519; x_wconf 86' lang='lat' dir='ltr'><strong>ut</strong></span> <span class='ocrx_word' id='word_1_269' title='bbox 990 2461 1107 2519; x_wconf 86' lang='lat' dir='ltr'><strong>sint</strong></span> <span class='ocrx_word' id='word_1_270' title='bbox 1134 2459 1549 2537; x_wconf 87' lang='lat' dir='ltr'><strong>monosyllaba.</strong></span> <span class='ocrx_word' id='word_1_271' title='bbox 1621 2457 1918 2527; x_wconf 88' lang='lat' dir='ltr'><strong>Similiter,</strong></span> <span class='ocrx_word' id='word_1_272' title='bbox 1937 2459 2008 2526; x_wconf 83' lang='lat' dir='ltr'><strong>ei,</strong></span> <span class='ocrx_word' id='word_1_273' title='bbox 2031 2461 2169 2537; x_wconf 73' lang='lat' dir='ltr'><strong>ejus,</strong></span> <span class='ocrx_word' id='word_1_274' title='bbox 2187 2455 2374 2536; x_wconf 60' lang='lat' dir='ltr'><strong>bajus,</strong></span> <span class='ocrx_word' id='word_1_275' title='bbox 2395 2459 2576 2546; x_wconf 62' lang='lat' dir='ltr'><strong>cqjus,</strong></span> <span class='ocrx_word' id='word_1_276' title='bbox 2597 2475 2819 2518; x_wconf 89' lang='lat' dir='ltr'><strong>mono-</strong></span> 
     </span>
     <span class='ocr_line' id='line_1_28' title="bbox 338 2533 2820 2613; baseline 0.003 -21"><span class='ocrx_word' id='word_1_277' title='bbox 338 2533 563 2612; x_wconf 84' lang='lat' dir='ltr'><strong>syllaba</strong></span> <span class='ocrx_word' id='word_1_278' title='bbox 602 2549 903 2613; x_wconf 86' lang='lat' dir='ltr'><strong>ponuntur</strong></span> <span class='ocrx_word' id='word_1_279' title='bbox 941 2539 1230 2598; x_wconf 83' lang='lat' dir='ltr'><strong>subinde:</strong></span> <span class='ocrx_word' id='word_1_280' title='bbox 1272 2557 1481 2605; x_wconf 82' lang='lat' dir='ltr'><strong>eorum,</strong></span> <span class='ocrx_word' id='word_1_281' title='bbox 1524 2555 1793 2605; x_wconf 82' lang='lat' dir='ltr'><strong>meorum,</strong></span> <span class='ocrx_word' id='word_1_282' title='bbox 1848 2535 2182 2613; x_wconf 86' lang='lat' dir='ltr'><strong>dissyllaba.</strong></span> <span class='ocrx_word' id='word_1_283' title='bbox 2263 2533 2533 2595; x_wconf 70' lang='lat' dir='ltr'><strong>Libmas</strong></span> <span class='ocrx_word' id='word_1_284' title='bbox 2577 2536 2820 2599; x_wconf 76' lang='lat' dir='ltr'><strong>vivendi</strong></span> 
     </span>
    </p>

    <p class='ocr_par' dir='ltr' id='par_1_12' title="bbox 308 2613 2811 3248">
     <span class='ocr_line' id='line_1_29' title="bbox 308 2613 2811 2695; baseline 0.002 -24"><span class='ocrx_word' id='word_1_285' title='bbox 308 2615 453 2691; x_wconf 73' lang='lat' dir='ltr'><strong>fuit</strong></span> <span class='ocrx_word' id='word_1_286' title='bbox 470 2623 738 2691; x_wconf 77' lang='lat' dir='ltr'><strong>potestas.</strong></span> <span class='ocrx_word' id='word_1_287' title='bbox 816 2617 911 2675; x_wconf 89' lang='lat' dir='ltr'><strong>Di</strong></span> <span class='ocrx_word' id='word_1_288' title='bbox 908 2617 1066 2695; x_wconf 72' lang='lat' dir='ltr'><strong>suit,</strong></span> <span class='ocrx_word' id='word_1_289' title='bbox 1095 2617 1238 2675; x_wconf 88' lang='lat' dir='ltr'><strong>facit</strong></span> <span class='ocrx_word' id='word_1_290' title='bbox 1264 2614 1624 2694; x_wconf 70' lang='lat' dir='ltr'><strong>spondaeum.</strong></span> <span class='ocrx_word' id='word_1_291' title='bbox 1708 2615 1872 2674; x_wconf 79' lang='lat' dir='ltr'><strong>Scias</strong></span> <span class='ocrx_word' id='word_1_292' title='bbox 1886 2633 2054 2694; x_wconf 77' lang='lat' dir='ltr'><strong>posse</strong></span> <span class='ocrx_word' id='word_1_293' title='bbox 2077 2613 2285 2674; x_wconf 73' lang='lat' dir='ltr'><strong>habere</strong></span> <span class='ocrx_word' id='word_1_294' title='bbox 2289 2617 2424 2694; x_wconf 82' lang='lat' dir='ltr'><strong>jam</strong></span> <span class='ocrx_word' id='word_1_295' title='bbox 2451 2613 2634 2693; x_wconf 80' lang='lat' dir='ltr'><strong>ipsum</strong></span> <span class='ocrx_word' id='word_1_296' title='bbox 2663 2635 2811 2688; x_wconf 78' lang='lat' dir='ltr'><strong>suoe,</strong></span> 
     </span>
     <span class='ocr_line' id='line_1_30' title="bbox 340 2692 2810 2774; baseline 0.001 -24"><span class='ocrx_word' id='word_1_297' title='bbox 340 2695 456 2750; x_wconf 74' lang='grc' dir='ltr'><strong><em>διο.</em></strong></span> <span class='ocrx_word' id='word_1_298' title='bbox 539 2693 701 2754; x_wconf 74' lang='lat' dir='ltr'><strong>Scias</strong></span> <span class='ocrx_word' id='word_1_299' title='bbox 728 2715 899 2774; x_wconf 72' lang='lat' dir='ltr'><strong>posse</strong></span> <span class='ocrx_word' id='word_1_300' title='bbox 920 2695 1232 2772; x_wconf 62' lang='lat' dir='ltr'><strong>spondaeus</strong></span> <span class='ocrx_word' id='word_1_301' title='bbox 1258 2705 1390 2753; x_wconf 84' lang='lat' dir='ltr'><strong>est:</strong></span> <span class='ocrx_word' id='word_1_302' title='bbox 1442 2703 1505 2750; x_wconf 91' lang='lat' dir='ltr'><strong>et</strong></span> <span class='ocrx_word' id='word_1_303' title='bbox 1528 2713 1651 2752; x_wconf 76' lang='lat' dir='ltr'><strong>sace</strong></span> <span class='ocrx_word' id='word_1_304' title='bbox 1692 2692 1868 2752; x_wconf 88' lang='lat' dir='ltr'><strong>unica</strong></span> <span class='ocrx_word' id='word_1_305' title='bbox 1891 2693 2118 2772; x_wconf 86' lang='lat' dir='ltr'><strong>syllaba</strong></span> <span class='ocrx_word' id='word_1_306' title='bbox 2145 2703 2254 2752; x_wconf 82' lang='lat' dir='ltr'><strong>est.</strong></span> <span class='ocrx_word' id='word_1_307' title='bbox 2337 2693 2538 2751; x_wconf 84' lang='lat' dir='ltr'><strong>Meum</strong></span> <span class='ocrx_word' id='word_1_308' title='bbox 2563 2703 2810 2771; x_wconf 77' lang='lat' dir='ltr'><strong>gnatum</strong></span> 
     </span>
     <span class='ocr_line' id='line_1_31' title="bbox 336 2769 2808 2852; baseline -0 -22"><span class='ocrx_word' id='word_1_309' title='bbox 336 2791 537 2830; x_wconf 80' lang='lat' dir='ltr'><strong>rumor</strong></span> <span class='ocrx_word' id='word_1_310' title='bbox 561 2781 643 2830; x_wconf 76' lang='lat' dir='ltr'><strong>est</strong></span> <span class='ocrx_word' id='word_1_311' title='bbox 669 2793 865 2831; x_wconf 85' lang='lat' dir='ltr'><strong>amare</strong></span> <span class='ocrx_word' id='word_1_312' title='bbox 884 2797 910 2844; x_wconf 83' lang='lat'><strong>,-</strong></span> <span class='ocrx_word' id='word_1_313' title='bbox 948 2793 1128 2833; x_wconf 83' lang='lat' dir='ltr'><strong>meum</strong></span> <span class='ocrx_word' id='word_1_314' title='bbox 1148 2793 1271 2852; x_wconf 76' lang='lat' dir='ltr'><strong>gna</strong></span> <span class='ocrx_word' id='word_1_315' title='bbox 1298 2771 1610 2850; x_wconf 78' lang='lat' dir='ltr'><strong>sponda-‚us</strong></span> <span class='ocrx_word' id='word_1_316' title='bbox 1637 2783 1744 2830; x_wconf 88' lang='lat' dir='ltr'><strong>est.</strong></span> <span class='ocrx_word' id='word_1_317' title='bbox 1823 2772 1980 2832; x_wconf 88' lang='lat' dir='ltr'><strong>Item</strong></span> <span class='ocrx_word' id='word_1_318' title='bbox 2017 2772 2261 2832; x_wconf 72' lang='lat' dir='ltr'><strong>antehac</strong></span> <span class='ocrx_word' id='word_1_319' title='bbox 2288 2769 2670 2848; x_wconf 84' lang='lat' dir='ltr'><strong>dissyllabum</strong></span> <span class='ocrx_word' id='word_1_320' title='bbox 2699 2783 2808 2832; x_wconf 88' lang='lat' dir='ltr'><strong>est.</strong></span> 
     </span>
     <span class='ocr_line' id='line_1_32' title="bbox 338 2849 2806 2931; baseline -0 -21"><span class='ocrx_word' id='word_1_321' title='bbox 338 2849 498 2910; x_wconf 84' lang='lat' dir='ltr'><strong>Nam</strong></span> <span class='ocrx_word' id='word_1_322' title='bbox 526 2851 677 2924; x_wconf 80' lang='lat' dir='ltr'><strong>quod</strong></span> <span class='ocrx_word' id='word_1_323' title='bbox 714 2851 953 2910; x_wconf 71' lang='lat' dir='ltr'><strong>antehac</strong></span> <span class='ocrx_word' id='word_1_324' title='bbox 965 2851 1145 2930; x_wconf 77' lang='lat' dir='ltr'><strong>ficit.</strong></span> <span class='ocrx_word' id='word_1_325' title='bbox 1230 2851 1596 2931; x_wconf 85' lang='lat' dir='ltr'><strong>Frequenter</strong></span> <span class='ocrx_word' id='word_1_326' title='bbox 1623 2850 1862 2910; x_wconf 88' lang='lat' dir='ltr'><strong>eliditur</strong></span> <span class='ocrx_word' id='word_1_327' title='bbox 1887 2853 1931 2910; x_wconf 82' lang='lat' dir='ltr'><em>d</em></span> <span class='ocrx_word' id='word_1_328' title='bbox 1955 2850 2014 2909; x_wconf 89' lang='lat' dir='ltr'><strong>in</strong></span> <span class='ocrx_word' id='word_1_329' title='bbox 2041 2851 2200 2931; x_wconf 78' lang='lat' dir='ltr'><strong>quid,</strong></span> <span class='ocrx_word' id='word_1_330' title='bbox 2229 2861 2292 2910; x_wconf 88' lang='lat' dir='ltr'><strong>et</strong></span> <span class='ocrx_word' id='word_1_331' title='bbox 2317 2851 2419 2909; x_wconf 77' lang='lat' dir='ltr'><strong>sed</strong></span> <span class='ocrx_word' id='word_1_332' title='bbox 2442 2866 2552 2927; x_wconf 88' lang='lat' dir='ltr'><strong>pro</strong></span> <span class='ocrx_word' id='word_1_333' title='bbox 2577 2851 2806 2910; x_wconf 83' lang='lat' dir='ltr'><strong>vocali:</strong></span> 
     </span>
     <span class='ocr_line' id='line_1_33' title="bbox 338 2927 2808 3008; baseline 0.002 -22"><span class='ocrx_word' id='word_1_334' title='bbox 338 2939 401 2986; x_wconf 88' lang='lat' dir='ltr'><strong>et</strong></span> <span class='ocrx_word' id='word_1_335' title='bbox 426 2927 579 2987; x_wconf 83' lang='lat' dir='ltr'><strong>sicut</strong></span> <span class='ocrx_word' id='word_1_336' title='bbox 606 2929 665 2986; x_wconf 91' lang='lat' dir='ltr'><strong>in</strong></span> <span class='ocrx_word' id='word_1_337' title='bbox 742 2927 1032 2999; x_wconf 80' lang='lat' dir='ltr'><strong>ericulum,</strong></span> <span class='ocrx_word' id='word_1_338' title='bbox 1072 2927 1347 2990; x_wconf 83' lang='lat' dir='ltr'><strong>elidimus</strong></span> <span class='ocrx_word' id='word_1_339' title='bbox 1372 2952 1413 2990; x_wconf 77' lang='lat' dir='ltr'><strong>u</strong></span> <span class='ocrx_word' id='word_1_340' title='bbox 1430 2955 1454 3000; x_wconf 84' lang='lat'><strong>,-</strong></span> <span class='ocrx_word' id='word_1_341' title='bbox 1498 2929 1656 2989; x_wconf 86' lang='lat' dir='ltr'><strong>idem</strong></span> <span class='ocrx_word' id='word_1_342' title='bbox 1696 2929 1796 2990; x_wconf 84' lang='lat' dir='ltr'><strong>hic</strong></span> <span class='ocrx_word' id='word_1_343' title='bbox 1820 2929 1964 2990; x_wconf 86' lang='lat' dir='ltr'><strong>facit</strong></span> <span class='ocrx_word' id='word_1_344' title='bbox 1989 2929 2050 2988; x_wconf 90' lang='lat' dir='ltr'><strong>in</strong></span> <span class='ocrx_word' id='word_1_345' title='bbox 2083 2927 2382 3008; x_wconf 80' lang='lat' dir='ltr'><strong>paululum</strong></span> <span class='ocrx_word' id='word_1_346' title='bbox 2423 2939 2486 2986; x_wconf 90' lang='lat' dir='ltr'><strong>et</strong></span> <span class='ocrx_word' id='word_1_347' title='bbox 2511 2927 2808 2990; x_wconf 75' lang='lat' dir='ltr'><strong>annulum.</strong></span> 
     </span>
     <span class='ocr_line' id='line_1_34' title="bbox 340 2952 2808 3090; baseline 0 -24"><span class='ocrx_word' id='word_1_348' title='bbox 340 3005 499 3072; x_wconf 82' lang='lat' dir='ltr'><strong>Quin</strong></span> <span class='ocrx_word' id='word_1_349' title='bbox 526 3018 586 3066; x_wconf 87' lang='lat' dir='ltr'><strong>et</strong></span> <span class='ocrx_word' id='word_1_350' title='bbox 612 2952 851 3087; x_wconf 61' lang='lat' dir='ltr'><strong>sylfabae</strong></span> <span class='ocrx_word' id='word_1_351' title='bbox 870 3006 1138 3089; x_wconf 85' lang='lat' dir='ltr'><strong>quaedam</strong></span> <span class='ocrx_word' id='word_1_352' title='bbox 1166 3009 1339 3070; x_wconf 88' lang='lat' dir='ltr'><strong>aliter</strong></span> <span class='ocrx_word' id='word_1_353' title='bbox 1358 3008 1844 3089; x_wconf 85' lang='lat' dir='ltr'><strong>pronunciantur,</strong></span> <span class='ocrx_word' id='word_1_354' title='bbox 1863 3010 2035 3090; x_wconf 71' lang='lat' dir='ltr'><strong>quam</strong></span> <span class='ocrx_word' id='word_1_355' title='bbox 2062 3006 2220 3086; x_wconf 88' lang='lat' dir='ltr'><strong>apud</strong></span> <span class='ocrx_word' id='word_1_356' title='bbox 2248 3005 2612 3066; x_wconf 81' lang='lat' dir='ltr'><strong>recentiores</strong></span> <span class='ocrx_word' id='word_1_357' title='bbox 2638 3026 2808 3066; x_wconf 88' lang='lat' dir='ltr'><strong>usur·</strong></span> 
     </span>
     <span class='ocr_line' id='line_1_35' title="bbox 380 3085 2806 3167; baseline 0 -23"><span class='ocrx_word' id='word_1_358' title='bbox 380 3097 492 3145; x_wconf 86' lang='lat' dir='ltr'><strong>atae</strong></span> <span class='ocrx_word' id='word_1_359' title='bbox 510 3099 665 3160; x_wconf 87' lang='lat' dir='ltr'><strong>sunt,</strong></span> <span class='ocrx_word' id='word_1_360' title='bbox 690 3088 851 3147; x_wconf 86' lang='lat' dir='ltr'><strong>velut</strong></span> <span class='ocrx_word' id='word_1_361' title='bbox 870 3087 931 3146; x_wconf 88' lang='lat' dir='ltr'><strong>in</strong></span> <span class='ocrx_word' id='word_1_362' title='bbox 1095 3089 1107 3102; x_wconf 92' lang='grc'><em>“</em></span> <span class='ocrx_word' id='word_1_363' title='bbox 1148 3089 1213 3160; x_wconf 80' lang='grc'><strong>’0,</strong></span> <span class='ocrx_word' id='word_1_364' title='bbox 1230 3089 1495 3150; x_wconf 88' lang='lat' dir='ltr'><strong>secunda</strong></span> <span class='ocrx_word' id='word_1_365' title='bbox 1514 3088 1890 3167; x_wconf 75' lang='lat' dir='ltr'><strong>produciturz</strong></span> <span class='ocrx_word' id='word_1_366' title='bbox 1920 3087 2076 3146; x_wconf 86' lang='lat' dir='ltr'><strong>unde</strong></span> <span class='ocrx_word' id='word_1_367' title='bbox 2097 3087 2321 3146; x_wconf 85' lang='lat' dir='ltr'><strong>factum</strong></span> <span class='ocrx_word' id='word_1_368' title='bbox 2341 3096 2451 3154; x_wconf 89' lang='lat' dir='ltr'><strong>est,</strong></span> <span class='ocrx_word' id='word_1_369' title='bbox 2479 3095 2546 3142; x_wconf 91' lang='lat' dir='ltr'><strong>ut</strong></span> <span class='ocrx_word' id='word_1_370' title='bbox 2567 3085 2806 3162; x_wconf 86' lang='lat' dir='ltr'><strong>quidam</strong></span> 
     </span>
     <span class='ocr_line' id='line_1_36' title="bbox 361 3109 2770 3248; baseline -0.002 -24"><span class='ocrx_word' id='word_1_371' title='bbox 361 3178 539 3244; x_wconf 87' lang='lat' dir='ltr'><strong>egant</strong></span> <span class='ocrx_word' id='word_1_372' title='bbox 564 3167 950 3248; x_wconf 71' lang='lat' dir='ltr'><strong>suspicionem.</strong></span> <span class='ocrx_word' id='word_1_373' title='bbox 1037 3109 1093 3227; x_wconf 52' lang='lat' dir='ltr'><strong><em>R</em></strong></span> <span class='ocrx_word' id='word_1_374' title='bbox 1138 3189 1293 3230; x_wconf 81' lang='lat' dir='ltr'><strong>raum</strong></span> <span class='ocrx_word' id='word_1_375' title='bbox 1322 3170 1382 3228; x_wconf 89' lang='lat' dir='ltr'><strong>in</strong></span> <span class='ocrx_word' id='word_1_376' title='bbox 1408 3189 1566 3239; x_wconf 83' lang='lat' dir='ltr'><strong>cave,</strong></span> <span class='ocrx_word' id='word_1_377' title='bbox 1595 3170 1758 3237; x_wconf 79' lang='lat' dir='ltr'><strong>vade,</strong></span> <span class='ocrx_word' id='word_1_378' title='bbox 1785 3187 1969 3236; x_wconf 83' lang='lat' dir='ltr'><strong>mane,</strong></span> <span class='ocrx_word' id='word_1_379' title='bbox 2000 3177 2061 3224; x_wconf 88' lang='lat' dir='ltr'><strong>et</strong></span> <span class='ocrx_word' id='word_1_380' title='bbox 2087 3165 2190 3224; x_wconf 89' lang='lat' dir='ltr'><strong>ubi</strong></span> <span class='ocrx_word' id='word_1_381' title='bbox 2215 3163 2404 3223; x_wconf 85' lang='lat' dir='ltr'><strong>finalis</strong></span> <span class='ocrx_word' id='word_1_382' title='bbox 2432 3161 2770 3242; x_wconf 87' lang='lat' dir='ltr'><strong>corripitur.</strong></span> 
     </span>
    </p>

    <p class='ocr_par' dir='ltr' id='par_1_13' title="bbox 417 3240 2806 3380">
     <span class='ocr_line' id='line_1_37' title="bbox 417 3240 2806 3380; baseline -0.002 -75"><span class='ocrx_word' id='word_1_383' title='bbox 417 3244 671 3305; x_wconf 90' lang='lat' dir='ltr'><strong>Minimo</strong></span> <span class='ocrx_word' id='word_1_384' title='bbox 696 3257 997 3304; x_wconf 87' lang='lat' dir='ltr'><strong>momento</strong></span> <span class='ocrx_word' id='word_1_385' title='bbox 1010 3258 1283 3380; x_wconf 51' lang='lat' dir='ltr'><strong>§nutatur</strong></span> <span class='ocrx_word' id='word_1_386' title='bbox 1310 3266 1497 3324; x_wconf 82' lang='lat' dir='ltr'><strong>genus</strong></span> <span class='ocrx_word' id='word_1_387' title='bbox 1524 3245 1820 3324; x_wconf 75' lang='lat' dir='ltr'><strong>carminis,</strong></span> <span class='ocrx_word' id='word_1_388' title='bbox 1847 3244 2010 3304; x_wconf 86' lang='lat' dir='ltr'><strong>velut</strong></span> <span class='ocrx_word' id='word_1_389' title='bbox 2035 3243 2096 3300; x_wconf 89' lang='lat' dir='ltr'><strong>in</strong></span> <span class='ocrx_word' id='word_1_390' title='bbox 2121 3241 2292 3304; x_wconf 66' lang='lat' dir='ltr'><strong>actus</strong></span> <span class='ocrx_word' id='word_1_391' title='bbox 2317 3240 2510 3320; x_wconf 89' lang='lat' dir='ltr'><strong>quarti</strong></span> <span class='ocrx_word' id='word_1_392' title='bbox 2549 3243 2730 3300; x_wconf 68' lang='lat' dir='ltr'><strong>scena</strong></span> <span class='ocrx_word' id='word_1_393' title='bbox 2756 3243 2806 3302; x_wconf 87' lang='grc' dir='ltr'><strong>Ι.</strong></span> 
     </span>
    </p>

    <p class='ocr_par' dir='ltr' id='par_1_14' title="bbox 334 3323 2806 3791">
     <span class='ocr_line' id='line_1_38' title="bbox 1057 3323 1262 3381; baseline 0.015 -3"><span class='ocrx_word' id='word_1_394' title='bbox 1057 3323 1072 3378; x_wconf 91' lang='lat' dir='ltr'><strong>i</strong></span> <span class='ocrx_word' id='word_1_395' title='bbox 1100 3324 1157 3380; x_wconf 92' lang='lat' dir='ltr'><strong>le</strong></span> <span class='ocrx_word' id='word_1_396' title='bbox 1200 3343 1262 3381; x_wconf 87' lang='lat' dir='ltr'><strong>as</strong></span> 
     </span>
     <span class='ocr_line' id='line_1_39' title="bbox 416 3344 2805 3478; baseline -0 -20"><span class='ocrx_word' id='word_1_397' title='bbox 416 3403 493 3459; x_wconf 80' lang='lat' dir='ltr'><strong>In</strong></span> <span class='ocrx_word' id='word_1_398' title='bbox 522 3400 853 3478; x_wconf 84' lang='lat' dir='ltr'><strong>denegando</strong></span> <span class='ocrx_word' id='word_1_399' title='bbox 872 3399 1036 3458; x_wconf 68' lang='lat' dir='ltr'><strong>modo</strong></span> <span class='ocrx_word' id='word_1_400' title='bbox 1061 3344 1399 3478; x_wconf 50' lang='lat' dir='ltr'><strong>quiffptidor</strong></span> <span class='ocrx_word' id='word_1_401' title='bbox 1416 3407 1499 3457; x_wconf 75' lang='lat' dir='ltr'><strong>est</strong></span> <span class='ocrx_word' id='word_1_402' title='bbox 1603 3394 1834 3454; x_wconf 72' lang='lat' dir='ltr'><strong>ulult‘cm.</strong></span> <span class='ocrx_word' id='word_1_403' title='bbox 1884 3395 2178 3456; x_wconf 86' lang='lat' dir='ltr'><strong>Trimetcr</strong></span> <span class='ocrx_word' id='word_1_404' title='bbox 2197 3410 2289 3457; x_wconf 88' lang='lat' dir='ltr'><strong>est</strong></span> <span class='ocrx_word' id='word_1_405' title='bbox 2303 3397 2604 3459; x_wconf 88' lang='lat' dir='ltr'><strong>iambicus.</strong></span> <span class='ocrx_word' id='word_1_406' title='bbox 2647 3400 2805 3460; x_wconf 84' lang='lat' dir='ltr'><strong>Rur-</strong></span> 
     </span>
     <span class='ocr_line' id='line_1_40' title="bbox 336 3471 2806 3556; baseline -0.002 -18"><span class='ocrx_word' id='word_1_407' title='bbox 336 3497 457 3546; x_wconf 79' lang='lat' dir='ltr'><strong>sus,</strong></span> <span class='ocrx_word' id='word_1_408' title='bbox 474 3476 527 3534; x_wconf 88' lang='lat' dir='ltr'><strong>si</strong></span> <span class='ocrx_word' id='word_1_409' title='bbox 544 3479 622 3533; x_wconf 81' lang='lat' dir='ltr'><strong>In</strong></span> <span class='ocrx_word' id='word_1_410' title='bbox 648 3486 931 3535; x_wconf 82' lang='lat' dir='ltr'><strong>annectas</strong></span> <span class='ocrx_word' id='word_1_411' title='bbox 956 3475 1059 3533; x_wconf 86' lang='lat' dir='ltr'><strong>fini</strong></span> <span class='ocrx_word' id='word_1_412' title='bbox 1082 3475 1282 3534; x_wconf 72' lang='lat' dir='ltr'><strong>versus</strong></span> <span class='ocrx_word' id='word_1_413' title='bbox 1304 3493 1495 3553; x_wconf 65' lang='lat' dir='ltr'><strong>praece</strong></span> <span class='ocrx_word' id='word_1_414' title='bbox 1541 3471 1712 3543; x_wconf 89' lang='lat' dir='ltr'><strong>entis,</strong></span> <span class='ocrx_word' id='word_1_415' title='bbox 1735 3491 1935 3534; x_wconf 83' lang='lat' dir='ltr'><strong>versus</strong></span> <span class='ocrx_word' id='word_1_416' title='bbox 1963 3476 2255 3536; x_wconf 86' lang='lat' dir='ltr'><strong>constabit</strong></span> <span class='ocrx_word' id='word_1_417' title='bbox 2277 3488 2528 3556; x_wconf 86' lang='lat' dir='ltr'><strong>quatuor</strong></span> <span class='ocrx_word' id='word_1_418' title='bbox 2549 3478 2806 3538; x_wconf 83' lang='lat' dir='ltr'><strong>creticis.</strong></span> 
     </span>
     <span class='ocr_line' id='line_1_41' title="bbox 334 3549 2806 3642; baseline 0 -26"><span class='ocrx_word' id='word_1_419' title='bbox 334 3554 723 3632; x_wconf 68' lang='lat' dir='ltr'><strong>Denegare-do</strong></span> <span class='ocrx_word' id='word_1_420' title='bbox 746 3554 1067 3632; x_wconf 72' lang='lat' dir='ltr'><strong>modo-quis</strong></span> <span class='ocrx_word' id='word_1_421' title='bbox 1084 3553 1276 3632; x_wconf 75' lang='lat' dir='ltr'><strong>pudor</strong></span> <span class='ocrx_word' id='word_1_422' title='bbox 1292 3549 1715 3642; x_wconf 52' lang='lat' dir='ltr'><strong>estjpaululi‘tm·</strong></span> <span class='ocrx_word' id='word_1_423' title='bbox 1785 3552 1850 3610; x_wconf 88' lang='lat' dir='ltr'><strong>Si</strong></span> <span class='ocrx_word' id='word_1_424' title='bbox 1879 3552 1938 3610; x_wconf 90' lang='lat' dir='ltr'><strong>in</strong></span> <span class='ocrx_word' id='word_1_425' title='bbox 1965 3552 2150 3626; x_wconf 73' lang='grc' dir='ltr'><strong><em>ωοάὸ,</em></strong></span> <span class='ocrx_word' id='word_1_426' title='bbox 2170 3554 2354 3615; x_wconf 85' lang='lat' dir='ltr'><strong>facias</strong></span> <span class='ocrx_word' id='word_1_427' title='bbox 2379 3556 2806 3635; x_wconf 84' lang='lat' dir='ltr'><strong>pyrrhichium,</strong></span> 
     </span>
     <span class='ocr_line' id='line_1_42' title="bbox 336 3628 1525 3692; baseline -0.008 0"><span class='ocrx_word' id='word_1_428' title='bbox 336 3633 449 3692; x_wconf 92' lang='lat' dir='ltr'><strong>erit</strong></span> <span class='ocrx_word' id='word_1_429' title='bbox 474 3630 740 3689; x_wconf 84' lang='lat' dir='ltr'><strong>trimeter</strong></span> <span class='ocrx_word' id='word_1_430' title='bbox 766 3628 1099 3690; x_wconf 86' lang='lat' dir='ltr'><strong>trochaicus</strong></span> <span class='ocrx_word' id='word_1_431' title='bbox 1125 3630 1525 3689; x_wconf 77' lang='lat' dir='ltr'><strong>catalecticus.</strong></span> 
     </span>
     <span class='ocr_line' id='line_1_43' title="bbox 851 3721 1994 3791; baseline 0 -15"><span class='ocrx_word' id='word_1_432' title='bbox 851 3721 1447 3791; x_wconf 49' lang='lat' dir='ltr'><strong>Dme-gando-modfflquis</strong></span> <span class='ocrx_word' id='word_1_433' title='bbox 1464 3726 1636 3790; x_wconf 82' lang='lat' dir='ltr'><strong>pu-dor</strong></span> <span class='ocrx_word' id='word_1_434' title='bbox 1655 3727 1994 3791; x_wconf 68' lang='lat' dir='ltr'><strong>est-paululum.</strong></span> 
     </span>
    </p>
   </div>
   <div class='ocr_carea' id='block_1_3' title="bbox 332 3805 2808 4656">
    <p class='ocr_par' dir='ltr' id='par_1_15' title="bbox 334 3805 2808 4190">
     <span class='ocr_line' id='line_1_44' title="bbox 414 3805 2807 3880; baseline 0.002 -13"><span class='ocrx_word' id='word_1_435' title='bbox 414 3807 601 3867; x_wconf 78' lang='grc' dir='ltr'><strong>Ροιτὸ</strong></span> <span class='ocrx_word' id='word_1_436' title='bbox 646 3805 800 3868; x_wconf 87' lang='lat' dir='ltr'><strong>inter</strong></span> <span class='ocrx_word' id='word_1_437' title='bbox 843 3807 1067 3868; x_wconf 86' lang='lat' dir='ltr'><strong>iambos</strong></span> <span class='ocrx_word' id='word_1_438' title='bbox 1114 3817 1485 3868; x_wconf 87' lang='lat' dir='ltr'><strong>tetrametros</strong></span> <span class='ocrx_word' id='word_1_439' title='bbox 1514 3808 1956 3880; x_wconf 78' lang='lat' dir='ltr'><strong>acatalecticus,</strong></span> <span class='ocrx_word' id='word_1_440' title='bbox 1983 3821 2045 3870; x_wconf 89' lang='lat' dir='ltr'><strong>et</strong></span> <span class='ocrx_word' id='word_1_441' title='bbox 2069 3811 2404 3873; x_wconf 80' lang='lat' dir='ltr'><strong>trochaicus</strong></span> <span class='ocrx_word' id='word_1_442' title='bbox 2432 3821 2807 3872; x_wconf 85' lang='lat' dir='ltr'><strong>tetrametros</strong></span> 
     </span>
     <span class='ocr_line' id='line_1_45' title="bbox 336 3885 2806 3957; baseline 0.002 -11"><span class='ocrx_word' id='word_1_443' title='bbox 336 3886 738 3957; x_wconf 89' lang='lat' dir='ltr'><strong>catalecticos,</strong></span> <span class='ocrx_word' id='word_1_444' title='bbox 769 3898 933 3947; x_wconf 89' lang='lat' dir='ltr'><strong>tanta</strong></span> <span class='ocrx_word' id='word_1_445' title='bbox 960 3899 1050 3947; x_wconf 89' lang='lat' dir='ltr'><strong>est</strong></span> <span class='ocrx_word' id='word_1_446' title='bbox 1074 3885 1339 3957; x_wconf 87' lang='lat' dir='ltr'><strong>affinitas,</strong></span> <span class='ocrx_word' id='word_1_447' title='bbox 1384 3897 1451 3945; x_wconf 91' lang='lat' dir='ltr'><strong>ut</strong></span> <span class='ocrx_word' id='word_1_448' title='bbox 1484 3886 1782 3946; x_wconf 89' lang='lat' dir='ltr'><strong>interdum</strong></span> <span class='ocrx_word' id='word_1_449' title='bbox 1827 3887 1970 3946; x_wconf 88' lang='lat' dir='ltr'><strong>nihil</strong></span> <span class='ocrx_word' id='word_1_450' title='bbox 2013 3890 2232 3952; x_wconf 88' lang='lat' dir='ltr'><strong>referat</strong></span> <span class='ocrx_word' id='word_1_451' title='bbox 2275 3891 2528 3952; x_wconf 88' lang='lat' dir='ltr'><strong>eundem</strong></span> <span class='ocrx_word' id='word_1_452' title='bbox 2571 3911 2806 3951; x_wconf 82' lang='lat' dir='ltr'><strong>versum</strong></span> 
     </span>
     <span class='ocr_line' id='line_1_46' title="bbox 334 3965 2808 4062; baseline 0.001 -38"><span class='ocrx_word' id='word_1_453' title='bbox 334 3965 535 4062; x_wconf 67' lang='lat' dir='ltr'><strong>utrum</strong></span> <span class='ocrx_word' id='word_1_454' title='bbox 564 3985 671 4042; x_wconf 88' lang='lat' dir='ltr'><strong>per</strong></span> <span class='ocrx_word' id='word_1_455' title='bbox 698 3965 941 4037; x_wconf 87' lang='lat' dir='ltr'><strong>iambos,</strong></span> <span class='ocrx_word' id='word_1_456' title='bbox 970 3984 1043 4025; x_wconf 89' lang='lat' dir='ltr'><strong>an</strong></span> <span class='ocrx_word' id='word_1_457' title='bbox 1072 3983 1183 4044; x_wconf 87' lang='lat' dir='ltr'><strong>per</strong></span> <span class='ocrx_word' id='word_1_458' title='bbox 1208 3966 1496 4025; x_wconf 81' lang='lat' dir='ltr'><strong>trochaeos</strong></span> <span class='ocrx_word' id='word_1_459' title='bbox 1522 3965 1800 4025; x_wconf 85' lang='lat' dir='ltr'><strong>metiaris.</strong></span> <span class='ocrx_word' id='word_1_460' title='bbox 1881 3967 2062 4027; x_wconf 90' lang='lat' dir='ltr'><strong>Velut</strong></span> <span class='ocrx_word' id='word_1_461' title='bbox 2101 3969 2160 4028; x_wconf 91' lang='lat' dir='ltr'><strong>in</strong></span> <span class='ocrx_word' id='word_1_462' title='bbox 2207 3971 2374 4030; x_wconf 71' lang='lat' dir='ltr'><strong>actus</strong></span> <span class='ocrx_word' id='word_1_463' title='bbox 2417 3971 2576 4031; x_wconf 86' lang='lat' dir='ltr'><strong>tertii</strong></span> <span class='ocrx_word' id='word_1_464' title='bbox 2623 3972 2808 4030; x_wconf 71' lang='lat' dir='ltr'><strong>scena</strong></span> 
     </span>
     <span class='ocr_line' id='line_1_47' title="bbox 334 4053 2444 4190; baseline 0.003 -19"><span class='ocrx_word' id='word_1_465' title='bbox 334 4053 543 4124; x_wconf 62' lang='lat' dir='ltr'><strong>quam</strong></span> <span class='ocrx_word' id='word_1_466' title='bbox 563 4086 578 4101; x_wconf 50' lang='lat'>⁸</span> <span class='ocrx_word' id='word_1_467' title='bbox 852 4123 1043 4173; x_wconf 86' lang='lat' dir='ltr'><strong>Utinam</strong></span> <span class='ocrx_word' id='word_1_468' title='bbox 1064 4125 1174 4172; x_wconf 83' lang='lat' dir='ltr'><strong>mihi</strong></span> <span class='ocrx_word' id='word_1_469' title='bbox 1194 4131 1315 4174; x_wconf 84' lang='lat' dir='ltr'><strong>esset</strong></span> <span class='ocrx_word' id='word_1_470' title='bbox 1334 4125 1501 4188; x_wconf 81' lang='lat' dir='ltr'><strong>aliquid</strong></span> <span class='ocrx_word' id='word_1_471' title='bbox 1520 4125 1610 4180; x_wconf 75' lang='lat' dir='ltr'><strong>hic,</strong></span> <span class='ocrx_word' id='word_1_472' title='bbox 1632 4121 1723 4187; x_wconf 70' lang='lat' dir='ltr'><strong>qud</strong></span> <span class='ocrx_word' id='word_1_473' title='bbox 1743 4139 1866 4173; x_wconf 85' lang='lat' dir='ltr'><strong>nunc</strong></span> <span class='ocrx_word' id='word_1_474' title='bbox 1885 4139 1964 4174; x_wconf 83' lang='lat' dir='ltr'><strong>me</strong></span> <span class='ocrx_word' id='word_1_475' title='bbox 1981 4127 2254 4190; x_wconf 72' lang='lat' dir='ltr'><strong>praeeipitem</strong></span> <span class='ocrx_word' id='word_1_476' title='bbox 2275 4129 2444 4180; x_wconf 73' lang='lat' dir='ltr'><strong>daretn-</strong></span> 
     </span>
    </p>

    <p class='ocr_par' dir='ltr' id='par_1_16' title="bbox 332 4204 2806 4380">
     <span class='ocr_line' id='line_1_48' title="bbox 414 4204 2806 4301; baseline 0.003 -21"><span class='ocrx_word' id='word_1_477' title='bbox 414 4220 477 4280; x_wconf 90' lang='lat' dir='ltr'><strong>Si</strong></span> <span class='ocrx_word' id='word_1_478' title='bbox 504 4219 644 4280; x_wconf 76' lang='lat' dir='ltr'><strong>milei</strong></span> <span class='ocrx_word' id='word_1_479' title='bbox 680 4220 861 4281; x_wconf 86' lang='lat' dir='ltr'><strong>facias</strong></span> <span class='ocrx_word' id='word_1_480' title='bbox 888 4225 1121 4282; x_wconf 86' lang='lat' dir='ltr'><strong>unicam</strong></span> <span class='ocrx_word' id='word_1_481' title='bbox 1162 4221 1466 4301; x_wconf 84' lang='lat' dir='ltr'><strong>syllabam,</strong></span> <span class='ocrx_word' id='word_1_482' title='bbox 1506 4221 1845 4284; x_wconf 86' lang='lat' dir='ltr'><strong>trochaicus</strong></span> <span class='ocrx_word' id='word_1_483' title='bbox 1885 4234 2021 4296; x_wconf 80' lang='lat' dir='ltr'><strong>est3</strong></span> <span class='ocrx_word' id='word_1_484' title='bbox 2057 4223 2104 4282; x_wconf 87' lang='lat' dir='ltr'><strong>si</strong></span> <span class='ocrx_word' id='word_1_485' title='bbox 2145 4224 2311 4298; x_wconf 85' lang='lat' dir='ltr'><strong>duas,</strong></span> <span class='ocrx_word' id='word_1_486' title='bbox 2353 4204 2644 4289; x_wconf 81' lang='lat' dir='ltr'><strong>iambicus</strong></span> <span class='ocrx_word' id='word_1_487' title='bbox 2671 4236 2806 4288; x_wconf 84' lang='lat' dir='ltr'><strong>est:</strong></span> 
     </span>
     <span class='ocr_line' id='line_1_49' title="bbox 332 4299 1379 4380; baseline 0.001 -21"><span class='ocrx_word' id='word_1_488' title='bbox 332 4300 507 4380; x_wconf 83' lang='lat' dir='ltr'><strong>quale</strong></span> <span class='ocrx_word' id='word_1_489' title='bbox 534 4311 625 4358; x_wconf 89' lang='lat' dir='ltr'><strong>est</strong></span> <span class='ocrx_word' id='word_1_490' title='bbox 649 4312 712 4359; x_wconf 89' lang='lat' dir='ltr'><strong>et</strong></span> <span class='ocrx_word' id='word_1_491' title='bbox 738 4299 797 4358; x_wconf 87' lang='lat' dir='ltr'><strong>in</strong></span> <span class='ocrx_word' id='word_1_492' title='bbox 824 4301 993 4360; x_wconf 77' lang='lat' dir='ltr'><strong>actfis</strong></span> <span class='ocrx_word' id='word_1_493' title='bbox 1020 4321 1076 4359; x_wconf 81' lang='lat' dir='ltr'><strong>v.</strong></span> <span class='ocrx_word' id='word_1_494' title='bbox 1103 4304 1283 4361; x_wconf 68' lang='lat' dir='ltr'><strong>scena</strong></span> <span class='ocrx_word' id='word_1_495' title='bbox 1312 4303 1338 4360; x_wconf 93' lang='lat'>1</span> <span class='ocrx_word' id='word_1_496' title='bbox 1362 4322 1379 4360; x_wconf 69' lang='grc' dir='ltr'><em>ε</em></span> 
     </span>
    </p>

    <p class='ocr_par' dir='ltr' id='par_1_17' title="bbox 846 4413 2275 4479">
     <span class='ocr_line' id='line_1_50' title="bbox 846 4413 2275 4479; baseline 0 -15"><span class='ocrx_word' id='word_1_497' title='bbox 846 4413 964 4464; x_wconf 81' lang='lat' dir='ltr'><strong>Satis</strong></span> <span class='ocrx_word' id='word_1_498' title='bbox 976 4417 1075 4479; x_wconf 80' lang='lat' dir='ltr'><strong>jam</strong></span> <span class='ocrx_word' id='word_1_499' title='bbox 1098 4417 1219 4470; x_wconf 79' lang='lat' dir='ltr'><strong>satis.</strong></span> <span class='ocrx_word' id='word_1_500' title='bbox 1244 4413 1399 4465; x_wconf 83' lang='lat' dir='ltr'><strong>Simo!</strong></span> <span class='ocrx_word' id='word_1_501' title='bbox 1437 4423 1640 4479; x_wconf 77' lang='lat' dir='ltr'><strong>spectata</strong></span> <span class='ocrx_word' id='word_1_502' title='bbox 1659 4429 1770 4479; x_wconf 77' lang='lat' dir='ltr'><strong>erga</strong></span> <span class='ocrx_word' id='word_1_503' title='bbox 1792 4419 1838 4462; x_wconf 86' lang='lat' dir='ltr'><strong>te</strong></span> <span class='ocrx_word' id='word_1_504' title='bbox 1859 4413 2052 4463; x_wconf 80' lang='lat' dir='ltr'><strong>amicitia</strong></span> <span class='ocrx_word' id='word_1_505' title='bbox 2072 4423 2143 4466; x_wconf 84' lang='lat' dir='ltr'><strong>est</strong></span> <span class='ocrx_word' id='word_1_506' title='bbox 2163 4431 2275 4466; x_wconf 80' lang='lat' dir='ltr'><strong>mea.</strong></span> 
     </span>
    </p>

    <p class='ocr_par' dir='ltr' id='par_1_18' title="bbox 410 4477 880 4559">
     <span class='ocr_line' id='line_1_51' title="bbox 410 4477 880 4559; baseline -0.013 -17"><span class='ocrx_word' id='word_1_507' title='bbox 410 4477 564 4542; x_wconf 83' lang='lat' dir='ltr'><strong>Item</strong></span> <span class='ocrx_word' id='word_1_508' title='bbox 591 4497 880 4559; x_wconf 83' lang='lat' dir='ltr'><strong>sequens:</strong></span> 
     </span>
    </p>

    <p class='ocr_par' dir='ltr' id='par_1_19' title="bbox 848 4575 2017 4656">
     <span class='ocr_line' id='line_1_52' title="bbox 848 4575 2017 4656; baseline 0.001 -32"><span class='ocrx_word' id='word_1_509' title='bbox 848 4575 967 4656; x_wconf 79' lang='lat' dir='ltr'><strong>Satis</strong></span> <span class='ocrx_word' id='word_1_510' title='bbox 989 4576 1139 4640; x_wconf 84' lang='lat' dir='ltr'><strong>pericli</strong></span> <span class='ocrx_word' id='word_1_511' title='bbox 1163 4577 1278 4641; x_wconf 80' lang='lat' dir='ltr'><strong>coepi</strong></span> <span class='ocrx_word' id='word_1_512' title='bbox 1302 4575 1436 4636; x_wconf 79' lang='lat' dir='ltr'><strong>adire,</strong></span> <span class='ocrx_word' id='word_1_513' title='bbox 1461 4575 1616 4628; x_wconf 78' lang='lat' dir='ltr'><strong>orandi</strong></span> <span class='ocrx_word' id='word_1_514' title='bbox 1629 4577 1728 4642; x_wconf 76' lang='lat' dir='ltr'><strong>jam</strong></span> <span class='ocrx_word' id='word_1_515' title='bbox 1751 4575 1885 4626; x_wconf 82' lang='lat' dir='ltr'><strong>finem</strong></span> <span class='ocrx_word' id='word_1_516' title='bbox 1909 4576 2017 4626; x_wconf 84' lang='lat' dir='ltr'><strong>sace.</strong></span> 
     </span>
    </p>
   </div>
  </div>
 </body>
</html>
