3067 4959
1229 341 1879 414 TERENTIANA.
1966 345 1974 354 ’
2562 349 2793 418 lxxxix

311 520 518 572 autem
541 505 962 580 diverbiornrn,
985 505 1090 568 aut
1115 507 1252 570 duae
1274 519 1380 569 aut
1405 520 1547 577 tres,
1569 507 1703 570 raro
1722 516 1921 568 autem
1942 509 2195 588 quatuor
2221 527 2351 570 esse
2370 508 2609 582 debent,
2632 508 2785 570 ultra

313 603 542 668 augere
566 605 872 648 numerum
901 607 1020 647 non
1044 587 1205 648 licet.
1299 589 1370 646 In
1399 587 1645 647 canticis
1672 597 1869 646 autem
1898 606 2015 646 una
2037 587 2268 646 tantum
2292 587 2473 648 debet
2490 607 2619 648 esse
2646 608 2781 668 per-

312 686 502 736 sona3
541 679 649 728 aut
671 667 719 727 si
745 667 878 726 duoe
897 665 1140 738 fuerint,
1167 667 1252 726 ita
1275 666 1496 725 debent
1519 684 1669 736 esse,
1698 677 1763 724 ut
1790 685 1869 724 ex
1896 667 2133 725 occulto
2162 685 2278 725 una
2300 665 2503 726 audiat
2542 686 2654 728 nec
2693 667 2781 726 lo-

315 757 556 824 quatur,
583 745 690 806 sed
713 765 914 806 secum
943 745 1020 819 (si
1049 765 1196 824 opus
1232 743 1442 820 fuerit)
1471 745 1651 802 verba
1688 742 1887 802 faciat.
1980 744 2053 802 In
2093 744 2287 803 choris
2326 746 2463 802 vero
2504 763 2781 804 numerus

312 843 700 902 personarum
725 823 1000 884 definitus
1037 843 1156 882 non
1195 835 1328 892 est;
1361 821 1581 902 quippe
1610 822 1861 897 junctim
1890 841 2093 880 omnes
2131 822 2293 902 loqui
2332 821 2573 891 debent,
2615 824 2781 902 quasi

312 921 468 962 voce
493 901 757 974 confusa,
781 913 844 963 et
869 914 1224 963 concentum
1251 902 1310 960 in
1339 919 1513 960 unam
1550 919 1859 978 personam
1902 900 2301 960 reformantes.
2380 900 2611 960 Latinae
2634 903 2777 962 vero

316 981 630 1040 comoediae
645 981 889 1041 chorum
907 999 1024 1038 non
1037 981 1276 1049 habent,
1298 980 1402 1040 sed
1427 979 1659 1038 duobus
1680 976 1907 1038 tantum
1929 979 2201 1038 membris
2212 989 2501 1048 constant,
2514 979 2779 1040 diverbio

317 1069 384 1118 et
423 1059 676 1120 cantico.
778 1059 992 1119 Primis
1025 1073 1220 1118 autem
1247 1058 1611 1136 temporibus
1634 1060 1729 1121 (ut
1752 1057 1961 1116 asserit
2000 1057 2399 1137 Tranquillus)
2427 1057 2619 1118 omnia
2646 1077 2779 1137 quoe

313 1135 376 1196 in
401 1139 584 1198 scena
603 1149 929 1208 versantur,
949 1137 1011 1195 in
1031 1136 1320 1197 comoedia
1336 1137 1682 1214 agebantur.
1740 1135 1889 1194 Nam
1906 1149 1967 1193 et
1983 1137 2373 1212 pantomimus
2392 1148 2453 1194 et
2470 1136 2779 1196 choraules
2884 1205 2892 1223 Ι

311 1215 376 1274 in
401 1217 694 1276 comoedia
720 1217 1034 1277 canebant.
1115 1213 1332 1275 Verum
1359 1227 1593 1274 actores
1620 1213 2060 1282 comoediarum,
2089 1233 2199 1292 pro
2224 1215 2505 1274 facultate
2546 1227 2609 1274 et
2646 1225 2773 1274 arte

353 1295 593 1367 otiores,
619 1294 1016 1386 principatum
1037 1293 1154 1353 'sibi
1181 1292 1430 1352 artificio
1446 1291 1852 1350 vendicabant.
1936 1291 2037 1350 Sic
2063 1292 2285 1352 factum
2304 1304 2413 1362 est,
2434 1304 2503 1353 ut
2527 1293 2777 1353 nolenti·-

355 1392 426 1432 us
446 1373 660 1434 cedere
679 1373 870 1432 mimis
887 1391 1022 1432 cum
1043 1371 1293 1431 artificio
1313 1391 1422 1431 suo
1438 1369 1687 1440 caeteris,
1708 1369 1999 1447 separatio
2017 1369 2185 1430 fieret
2205 1371 2581 1450 reliquorum.
2624 1373 2778 1432 Nam

315 1450 458 1510 dum
477 1453 735 1530 potiores
753 1451 1144 1522 inferioribus,
1157 1449 1258 1530 qui
1278 1449 1334 1508 in
1347 1448 1502 1508 omni
1523 1447 1858 1524 magisterio
1868 1458 2053 1518 erant,
2064 1450 2279 1509 servire
2289 1450 2777 1528 dedignabantur,

312 1528 538 1608 seipsos
562 1531 598 1587 a
615 1530 920 1590 comoediis
945 1539 1366 1608 separaverunt
1384 1551 1401 1596 ;
1424 1546 1496 1586 ac
1515 1527 1601 1585 sic
1618 1527 1839 1585 factum
1861 1537 1970 1595 est,
1995 1537 2059 1584 ut
2080 1530 2355 1606 exemplo
2373 1529 2553 1588 semel
2576 1549 2775 1608 sump-

313 1619 396 1678 to,
427 1610 824 1702 unusquisque
849 1607 992 1668 artis
1018 1627 1142 1667 suae
1169 1626 1292 1666 rem
1321 1606 1536 1684 exequi
1567 1605 1832 1682 coeperit,
1864 1624 2055 1686 neque
2095 1605 2153 1663 in
2182 1607 2528 1666 comoediam
2556 1608 2776 1667 venire.

315 1687 497 1764 Cujus
513 1689 600 1748 rei
617 1688 838 1748 indicia
857 1686 1118 1767 produnt
1133 1685 1302 1744 nobis
1321 1683 1579 1763 antiquoe
1600 1681 1923 1753 comoediae,
1944 1685 2003 1742 in
2025 1684 2239 1763 quibus
2259 1685 2601 1756 invenimus,
2628 1689 2779 1746 Acta

311 1763 466 1824 tibiis
498 1767 756 1846 paribus,
801 1777 904 1826 aut
937 1763 1271 1843 imparibus,
1299 1773 1400 1824 aut
1431 1763 1719 1822 Serranis.
1802 1763 2056 1829 Quando
2082 1763 2235 1820 enim
2265 1763 2479 1822 chorus
2506 1765 2779 1836 canebat,

312 1843 566 1904 choricis
584 1845 764 1911 tibiis,
782 1843 846 1902 id
871 1854 982 1910 est,
1004 1840 1376 1910 chor-aulicis,
1400 1839 1613 1900 artifex
1636 1841 2006 1900 concinebat.
2085 1840 2156 1898 In
2186 1841 2429 1901 canticis
2453 1853 2649 1900 autem
2672 1863 2781 1920 py-

313 1920 554 1980 ranlicis
595 1923 998 2001 responsabat.
1099 1920 1220 1980 Sed
1265 1919 1424 1998 quod
1465 1919 1705 1998 paribus
1744 1918 1921 1988 tibiis,
1963 1919 2055 1976 vel
2095 1918 2413 1996 imparibus
2452 1919 2779 1979 invenimus

315 1999 626 2076 scriptum,
649 2001 768 2060 hoc
792 1998 1100 2078 significat,
1129 1999 1286 2077 quod
1313 1997 1601 2077 siquando
1624 1997 1900 2056 monodio
1916 1997 2153 2075 agebat,
2178 2015 2350 2056 unam
2379 1997 2583 2057 tibiam
2608 1997 2785 2058 infla-

317 2077 460 2136 bat:
503 2077 790 2156 siquando
813 2076 1082 2156 synodio,
1110 2089 1436 2155 utramque.
1521 2076 1675 2134 Haec
1700 2075 1775 2135 ad
1804 2074 2047 2134 verbum
2076 2074 2397 2134 Diomedes
2418 2097 2436 2134 ε

581 2171 854 2222 Monodium
875 2179 958 2228 est,
978 2187 1117 2235 quum
1139 2187 1254 2220 unus
1273 2173 1427 2236 aliquis
1447 2169 1478 2220 ὲ
1501 2169 1637 2220 sceui
1656 2178 1839 2218 cantum
1860 2170 2045 2235 profert,
2066 2185 2153 2220 nec
2172 2171 2337 2220 chorus
2358 2171 2517 2222 simut.

403 2235 642 2296 Servius
670 2237 729 2295 in
757 2237 900 2296 illud
927 2235 1155 2315 Virgilii
1181 2237 1330 2296 libro
1356 2257 1512 2296 nono
1543 2233 1827 2294 AEneidos
1844 2256 1862 2291 ε
2104 2251 2107 2253 Α

577 2315 622 2364 Ο
641 2333 764 2365 ’σα-ε
785 2315 1002 2380 Phrygiae
1019 2317 1193 2380 (nque
1211 2317 1332 2363 enim
1355 2311 1590 2378 Phryges)
1612 2315 1676 2363 ite
1698 2330 1777 2378 per
1795 2314 1885 2363 alta

571 2379 820 2444 Dindyma,
844 2381 918 2428 uhi
936 2381 1128 2428 assuetis
1144 2379 1332 2429 biforem
1354 2381 1432 2428 dat
1451 2381 1561 2428 tibia
1578 2387 1777 2428 eentum.

389 2445 676 2525 Bff’fhrem,
720 2445 931 2524 inquit,
977 2443 1272 2516 bisonum,
1315 2445 1620 2536 imparem.
1702 2443 1783 2502 Et
1821 2443 2070 2505 servavit
2104 2443 2189 2504 eis
2234 2443 2507 2505 tibiarum
2545 2464 2780 2506 suarum

311 2535 596 2584 naturam.
641 2524 830 2584 Tibia·
846 2535 1044 2584 autem
1070 2522 1338 2583 Serranae
1355 2522 1653 2593 dicuntur,
1677 2542 1809 2602 quae
1829 2534 1967 2583 sunt
1986 2543 2177 2602 pares,
2199 2535 2263 2582 et
2273 2525 2537 2604 aequales
2560 2524 2783 2584 habent

311 2621 620 2674 caver-nan
645 2615 752 2663 aut
778 2601 1074 2682 Phrygiae,
1102 2621 1237 2680 quae
1265 2612 1327 2659 et
1352 2602 1603 2680 impares
1624 2613 1779 2672 sunt,
1807 2614 1870 2662 et
1895 2601 2210 2682 inaequales
2236 2603 2457 2662 frabent
2485 2622 2781 2664 cavernas.

311 2680 481 2773 Ergo
499 2679 772 2753 biforem,
801 2680 1159 2751 dissimilem,
1179 2679 1500 2739 dissonum.
1583 2679 1717 2738 Non
1735 2679 1889 2739 enim
1907 2695 2043 2740 sunt
2062 2681 2184 2774 pari
2202 2681 2601 2740 modulatione
2620 2703 2782 2741 com·

311 2771 536 2838 posrtoe.
579 2761 666 2822 Ut
685 2760 842 2820 enim
857 2759 940 2818 ait
957 2760 1168 2830 Varro,
1187 2757 1332 2818 tibia
1351 2758 1611 2837 Phrygia
1626 2759 1839 2818 dextra
1856 2779 2033 2818 unum
2044 2761 2312 2819 loramen
2332 2760 2532 2827 habet,
2550 2760 2783 2819 sinistra

311 2837 459 2897 duo:
477 2858 726 2918 quorum
743 2857 924 2897 unum
943 2847 1184 2898 acutum
1203 2855 1410 2896 sonum
1428 2837 1628 2906 habet,
1639 2838 1885 2896 alterum
1906 2856 2164 2916 gravem.
2200 2839 2507 2898 Hactenus
2528 2838 2782 2898 Servius.

389 2916 582 2975 Varro
605 2917 756 2976 libro
780 2916 990 2994 primo,
1020 2917 1118 2975 De
1145 2917 1240 2976 Re
1264 2915 1520 2985 Rustica,
1550 2935 1681 2995 cap.
1704 2917 2005 2975 secundo:

393 2993 597 3066 Certe,
623 2994 816 3073 inquit
841 2993 1200 3064 Fundanius,
1241 2993 1400 3054 aliud
1475 2993 1645 3064 astio,
1695 3005 1757 3053 et
1802 2993 1963 3052 aliud
2006 2993 2386 3070 agricultura,
2432 2995 2537 3053 sed
2578 2994 2781 3054 affinis.

315 3069 406 3129 Et
432 3082 497 3129 ut
523 3071 774 3131 dextera
797 3070 942 3130 tibia
966 3071 1096 3143 alia,
1126 3071 1300 3150 quam
1343 3073 1594 3140 simstra,
1620 3073 1705 3132 ita
1732 3083 1799 3130 ut
1838 3082 2031 3142 tamen
2060 3072 2137 3129 sit
2178 3072 2611 3148 quodammodo
2638 3091 2781 3130 con-

310 3149 552 3226 juncta:
583 3148 740 3227 quod
769 3159 858 3206 est
877 3149 1066 3208 'altera
1089 3151 1350 3228 ejusdem
1377 3151 1651 3210 carminis
1676 3149 1980 3208 modorum
1998 3147 2311 3218 incentiva,
2332 3148 2781 3207 alterasuccen-

317 3225 458 3286 tiva.
539 3225 624 3286 Et
651 3225 887 3305 quidem
912 3226 1054 3286 licet
1091 3229 1348 3307 adjicias,
1389 3229 1626 3307 inquam
1664 3239 1963 3308 pastorum
2010 3226 2187 3285 vitam
2236 3245 2361 3284 esse
2408 3225 2779 3298 incentivam,

312 3323 350 3364 a
430 3305 706 3366 ’colatum
723 3305 1138 3377 succentivam,
1155 3309 1401 3366 authore
1420 3307 1760 3366 doctissimo
1774 3305 2007 3365 homine
2026 3303 2397 3374 Dicaearcho,
2416 3303 2516 3384 qui
2534 3304 2785 3366 Graecioe

311 3397 432 3444 vita
447 3384 637 3464 qualis
656 3383 838 3444 suerit
855 3385 930 3443 ab
949 3383 1134 3458 initio,
1153 3385 1321 3445 nobis
1336 3387 1420 3445 ita
1438 3385 1715 3456 ostendit,
1734 3397 1797 3444 ut
1815 3382 2209 3462 superioribus
2230 3383 2589 3461 temporibus
2604 3383 2785 3446 fuisse

311 3461 547 3536 doceat,
577 3483 760 3543 quum
787 3462 1052 3523 homines
1078 3465 1439 3543 pastoritiam
1467 3465 1645 3523 vitam
1672 3475 1943 3541 agerent;
1969 3481 2161 3541 neque
2178 3461 2394 3521 scirent
2417 3461 2593 3522 etiam
2613 3482 2779 3524 arare

313 3551 548 3612 terram,
566 3554 670 3602 aut
689 3561 890 3602 serere
905 3543 1164 3613 arbores,
1182 3553 1286 3603 aut
1301 3553 1529 3622 putare,
1548 3542 1729 3601 abhis
1750 3540 2023 3600 inferiore
2040 3541 2430 3618 graduaetatis
2444 3555 2779 3634 susceptam

417 3620 752 3681 iculturam.
833 3621 1134 3687 Quocirca
1159 3631 1222 3680 et
1245 3621 1498 3682 succinit
1525 3619 1820 3700 pastorali,
1850 3619 2008 3698 quod
2036 3631 2126 3678 est
2151 3619 2409 3691 inferior,
2442 3632 2507 3680 ut
2533 3621 2675 3680 tibia
2701 3621 2779 3681 si·-

309 3709 494 3757 nistra
517 3700 552 3756 a
576 3700 808 3760 dextrae
833 3698 1236 3759 foraminibus.

395 3775 604 3849 Scene,
631 3779 755 3838 sive
783 3775 976 3852 σκηνὴ,
1005 3777 1156 3837 verti
1184 3777 1623 3858 Latine-potest
1661 3775 2067 3849 umbraculum,
2108 3777 2199 3838 vel
2228 3779 2551 3838 tentorium.
2635 3773 2781 3839 Erat

312 3865 512 3912 autem
555 3855 812 3947 antiquis
855 3874 1038 3916 scena
1083 3857 1488 3916 umbraculum
1531 3875 1610 3916 ex
1637 3858 1914 3915 arborum
1938 3857 2261 3925 frondibus,
2292 3857 2511 3916 umbrae
2540 3859 2717 3918 causa
2742 3859 2779 3915 ὸ,

311 3931 550 3990 rusticis
573 3945 934 3993 excitatum:
965 3933 1068 3994 ubi
1091 3935 1258 3994 festis
1283 3934 1490 3994 diebus
1519 3932 1953 4003 convenientes,
1982 3933 2207 3994 diversa
2233 3935 2502 3994 ludorum
2530 3947 2592 3994 et
2611 3939 2781 4014 joco-

311 4026 448 4067 rum
495 4029 711 4087 genera
753 4014 1133 4072 exercebant.
1214 4013 1288 4072 ld
1329 4013 1490 4092 quod
1527 4010 1701 4072 hodie
1786 4031 1819 4070 e
1858 4012 1918 4070 in
1946 4013 2113 4089 pagis
2140 4013 2401 4072 videmus
2430 4013 2690 4092 plurimis
2717 4016 2779 4073 in

309 4086 466 4146 locis
490 4089 801 4148 observari.
880 4091 1037 4150 Nam
1071 4089 1174 4170 (ut
1189 4091 1328 4151 olim
1345 4103 1482 4150 ante
1505 4110 1673 4150 usum
1691 4031 2076 4163 astrorum)
2104 4111 2297 4150 scenae
2322 4112 2499 4170 super
2523 4093 2785 4170 plaustra

309 4164 564 4258 ductilia
585 4177 958 4242 extruuntur,
985 4189 1058 4230 ac
1077 4189 1184 4251 per
1199 4169 1458 4250 compita
1475 4169 1692 4240 duotae,
1709 4168 1930 4249 populo
1949 4171 2214 4247 praebent
2234 4169 2563 4230 fabularum
2584 4171 2785 4231 oblec-

307 4253 621 4304 monem.

395 4323 662 4383 Theatra
687 4336 852 4385 erant
876 4326 1122 4388 aedificia
1136 4327 1195 4386 in
1223 4325 1426 4407 populi
1446 4327 1695 4406 gratiam
1714 4335 2007 4397 extructa,
2030 4327 2105 4386 ad
2132 4326 2444 4406 hemicycli
2471 4325 2591 4384 sive
2610 4322 2783 4380 semi-

309 4401 524 4462 circuli
563 4401 847 4492 speciem,
873 4405 1066 4466 dicata
1091 4406 1244 4465 ludis
1271 4405 1627 4486 spectandis.
1706 4403 1919 4465 Latine
1958 4405 2301 4483 spectacula
2338 4403 2523 4482 possis
2548 4399 2785 4472 dicere3

308 4481 399 4541 sic
423 4481 583 4540 enim
609 4499 646 4538 a
672 4483 982 4542 commode
1006 4483 1422 4564 prospiciendo
1447 4503 1516 4543 ac
1547 4483 1801 4544 videndo
1825 4496 1960 4543 sunt
1988 4483 2310 4561 appellata:
2344 4475 2602 4554 θεατρὴς,
2630 4499 2786 4558 spec-

309 4567 466 4620 tator
488 4580 510 4617 .·
560 4557 826 4642 θεᾶτρια,
938 4565 1184 4624 ectatriae
1203 4587 1228 4622 .-
1282 4563 1559 4640 θεατρεῒον
1605 4561 1699 4620 καὶ
1741 4561 1994 4640 θέατρον,
2038 4557 2431 4646 spectaculum,
2484 4555 2787 4617 theatrum.

311 4637 522 4712 Porro,
551 4651 618 4699 ut
643 4639 856 4700 scrffiit
935 4641 1290 4712 wicdonis,
1311 4640 1530 4700 theatri
1554 4639 1735 4711 frons,
1763 4639 1887 4700 sive
1912 4659 1985 4699 ea
2011 4634 2225 4696 theatri
2250 4645 2463 4710 portio,
2528 4653 2619 4693 uoe
2636 4634 2791 4694 inter

313 4715 434 4776 duo
459 4737 684 4780 cornua
709 4719 1110 4798 protenditur,
1131 4737 1312 4778 scena
1325 4731 1591 4778 vocatur.
1659 4719 1753 4776 Ita
1778 4727 1973 4776 autem
1992 4711 2453 4800 com-ponebatur
2474 4722 2497 4768 t
2540 4725 2789 4778 eanum,

315 4803 384 4854 ut
410 4795 482 4856 εὸ
505 4797 888 4872 conveniens,
916 4809 980 4860 et
1005 4798 1088 4859 ibi
1115 4797 1426 4859 commode
1451 4795 1663 4859 sedens
1690 4796 1882 4865 turba,
1912 4793 1943 4848 ὲ
1970 4791 2293 4863 longinquo
2318 4787 2489 4847 facili-:⁴
2522 4799 2791 4866 spectare
