<?xml version="1.0" encoding="UTF-8"?>
<!DOCTYPE html PUBLIC "-//W3C//DTD XHTML 1.0 Transitional//EN"
    "http://www.w3.org/TR/xhtml1/DTD/xhtml1-transitional.dtd">
<html xmlns="http://www.w3.org/1999/xhtml" xml:lang="en" lang="en">
 <head>
  <title>
</title>
<meta http-equiv="Content-Type" content="text/html;charset=utf-8" />
  <meta name='ocr-system' content='tesseract 3.04.00' />
  <meta name='ocr-capabilities' content='ocr_page ocr_carea ocr_par ocr_line ocrx_word'/>
</head>
<body>
  <div class='ocr_page' id='page_1' title='image "./comdisex00unkngoog_0031.png"; bbox 0 0 3067 4959; ppageno 0'>
   <div class='ocr_carea' id='block_1_1' title="bbox 1243 272 2802 356">
    <p class='ocr_par' dir='ltr' id='par_1_1' title="bbox 1243 272 2802 356">
     <span class='ocr_line' id='line_1_1' title="bbox 1243 272 2802 356; baseline 0.004 -9"><span class='ocrx_word' id='word_1_1' title='bbox 1243 272 1901 347; x_wconf 79' lang='lat' dir='ltr'><strong>&#39;TERENTIANA.</strong></span> <span class='ocrx_word' id='word_1_2' title='bbox 2686 290 2802 356; x_wconf 82' lang='lat' dir='ltr'><strong>xxi</strong></span> 
     </span>
    </p>
   </div>
   <div class='ocr_carea' id='block_1_2' title="bbox 295 428 2801 4297">
    <p class='ocr_par' dir='ltr' id='par_1_2' title="bbox 295 428 2801 4297">
     <span class='ocr_line' id='line_1_2' title="bbox 321 428 2801 525; baseline 0 -17"><span class='ocrx_word' id='word_1_3' title='bbox 321 449 532 519; x_wconf 73' lang='lat' dir='ltr'><strong>utitur,</strong></span> <span class='ocrx_word' id='word_1_4' title='bbox 561 455 631 505; x_wconf 87' lang='lat' dir='ltr'><strong>ut</strong></span> <span class='ocrx_word' id='word_1_5' title='bbox 657 462 766 525; x_wconf 89' lang='lat' dir='ltr'><strong>per</strong></span> <span class='ocrx_word' id='word_1_6' title='bbox 789 437 994 503; x_wconf 70' lang='lat' dir='ltr'><strong>barum</strong></span> <span class='ocrx_word' id='word_1_7' title='bbox 1023 442 1394 503; x_wconf 78' lang='lat' dir='ltr'><strong>inductiones</strong></span> <span class='ocrx_word' id='word_1_8' title='bbox 1417 428 1593 503; x_wconf 64' lang='lat' dir='ltr'><strong>facile</strong></span> <span class='ocrx_word' id='word_1_9' title='bbox 1632 454 1833 524; x_wconf 88' lang='lat' dir='ltr'><strong>pateat</strong></span> <span class='ocrx_word' id='word_1_10' title='bbox 1872 455 2302 521; x_wconf 78' lang='lat' dir='ltr'><strong>argumentum.</strong></span> <span class='ocrx_word' id='word_1_11' title='bbox 2382 446 2649 519; x_wconf 84' lang='lat' dir='ltr'><strong>Veteres,</strong></span> <span class='ocrx_word' id='word_1_12' title='bbox 2688 448 2801 509; x_wconf 79' lang='lat' dir='ltr'><strong>etsi</strong></span> 
     </span>
     <span class='ocr_line' id='line_1_3' title="bbox 320 522 2798 607; baseline 0.001 -22"><span class='ocrx_word' id='word_1_13' title='bbox 320 528 434 607; x_wconf 77' lang='lat' dir='ltr'><strong>ipsi</strong></span> <span class='ocrx_word' id='word_1_14' title='bbox 463 544 706 605; x_wconf 86' lang='lat' dir='ltr'><strong>quoque</strong></span> <span class='ocrx_word' id='word_1_15' title='bbox 732 522 928 583; x_wconf 80' lang='lat' dir='ltr'><strong>metris</strong></span> <span class='ocrx_word' id='word_1_16' title='bbox 955 522 1353 602; x_wconf 75' lang='lat' dir='ltr'><strong>negligentius</strong></span> <span class='ocrx_word' id='word_1_17' title='bbox 1378 532 1631 601; x_wconf 88' lang='lat' dir='ltr'><strong>egerunt</strong></span> <span class='ocrx_word' id='word_1_18' title='bbox 1656 522 1893 582; x_wconf 76' lang='lat' dir='ltr'><strong>iambici</strong></span> <span class='ocrx_word' id='word_1_19' title='bbox 1918 524 2114 582; x_wconf 67' lang='lat' dir='ltr'><strong>versus</strong></span> <span class='ocrx_word' id='word_1_20' title='bbox 2142 524 2433 584; x_wconf 81' lang='lat' dir='ltr'><strong>duntaxat</strong></span> <span class='ocrx_word' id='word_1_21' title='bbox 2457 526 2515 584; x_wconf 86' lang='lat' dir='ltr'><strong>in</strong></span> <span class='ocrx_word' id='word_1_22' title='bbox 2535 528 2798 587; x_wconf 88' lang='lat' dir='ltr'><strong>secundo</strong></span> 
     </span>
     <span class='ocr_line' id='line_1_4' title="bbox 323 601 2798 685; baseline 0 -20"><span class='ocrx_word' id='word_1_23' title='bbox 323 616 391 665; x_wconf 82' lang='lat' dir='ltr'><strong>et</strong></span> <span class='ocrx_word' id='word_1_24' title='bbox 418 615 633 685; x_wconf 86' lang='lat' dir='ltr'><strong>quarto</strong></span> <span class='ocrx_word' id='word_1_25' title='bbox 661 604 810 671; x_wconf 77' lang='lat' dir='ltr'><strong>loco,</strong></span> <span class='ocrx_word' id='word_1_26' title='bbox 839 606 1032 661; x_wconf 81' lang='lat' dir='ltr'><strong>tamen</strong></span> <span class='ocrx_word' id='word_1_27' title='bbox 1056 602 1092 661; x_wconf 73' lang='lat' dir='ltr'><strong>a</strong></span> <span class='ocrx_word' id='word_1_28' title='bbox 1117 602 1388 661; x_wconf 73' lang='lat' dir='ltr'><strong>Terentio</strong></span> <span class='ocrx_word' id='word_1_29' title='bbox 1402 602 1719 661; x_wconf 84' lang='lat' dir='ltr'><strong>vincuntur</strong></span> <span class='ocrx_word' id='word_1_30' title='bbox 1738 601 2093 661; x_wconf 75' lang='lat' dir='ltr'><strong>resolutione</strong></span> <span class='ocrx_word' id='word_1_31' title='bbox 2114 603 2285 679; x_wconf 85' lang='lat' dir='ltr'><strong>hujus</strong></span> <span class='ocrx_word' id='word_1_32' title='bbox 2303 604 2493 675; x_wconf 88' lang='lat' dir='ltr'><strong>metri,</strong></span> <span class='ocrx_word' id='word_1_33' title='bbox 2514 618 2798 685; x_wconf 89' lang='lat' dir='ltr'><strong>quantum</strong></span> 
     </span>
     <span class='ocr_line' id='line_1_5' title="bbox 323 680 2797 773; baseline 0.001 -31"><span class='ocrx_word' id='word_1_34' title='bbox 323 693 547 764; x_wconf 81' lang='lat' dir='ltr'><strong>potest,</strong></span> <span class='ocrx_word' id='word_1_35' title='bbox 579 682 916 741; x_wconf 88' lang='lat' dir='ltr'><strong>comminuti</strong></span> <span class='ocrx_word' id='word_1_36' title='bbox 945 682 1020 740; x_wconf 90' lang='lat' dir='ltr'><strong>ad</strong></span> <span class='ocrx_word' id='word_1_37' title='bbox 1057 680 1368 757; x_wconf 80' lang='lat' dir='ltr'><strong>imaginem</strong></span> <span class='ocrx_word' id='word_1_38' title='bbox 1409 698 1602 759; x_wconf 81' lang='lat' dir='ltr'><strong>prosae</strong></span> <span class='ocrx_word' id='word_1_39' title='bbox 1643 680 1937 739; x_wconf 88' lang='lat' dir='ltr'><strong>orationis.</strong></span> <span class='ocrx_word' id='word_1_40' title='bbox 2018 682 2170 741; x_wconf 83' lang='lat' dir='ltr'><strong>Tum</strong></span> <span class='ocrx_word' id='word_1_41' title='bbox 2214 700 2592 773; x_wconf 87' lang='lat' dir='ltr'><strong>personarum</strong></span> <span class='ocrx_word' id='word_1_42' title='bbox 2635 686 2797 763; x_wconf 83' lang='lat' dir='ltr'><strong>leges</strong></span> 
     </span>
     <span class='ocr_line' id='line_1_6' title="bbox 321 758 2797 839; baseline -0 -16"><span class='ocrx_word' id='word_1_43' title='bbox 321 763 490 823; x_wconf 85' lang='lat' dir='ltr'><strong>circa</strong></span> <span class='ocrx_word' id='word_1_44' title='bbox 518 760 797 829; x_wconf 74' lang='lat' dir='ltr'><strong>habitum,</strong></span> <span class='ocrx_word' id='word_1_45' title='bbox 825 770 1078 829; x_wconf 79' lang='lat' dir='ltr'><strong>aetatem,</strong></span> <span class='ocrx_word' id='word_1_46' title='bbox 1109 758 1384 829; x_wconf 85' lang='lat' dir='ltr'><strong>officium,</strong></span> <span class='ocrx_word' id='word_1_47' title='bbox 1413 768 1611 838; x_wconf 80' lang='lat' dir='ltr'><strong>partes</strong></span> <span class='ocrx_word' id='word_1_48' title='bbox 1638 758 1874 837; x_wconf 83' lang='lat' dir='ltr'><strong>agendi,</strong></span> <span class='ocrx_word' id='word_1_49' title='bbox 1915 778 2087 818; x_wconf 90' lang='lat' dir='ltr'><strong>nemo</strong></span> <span class='ocrx_word' id='word_1_50' title='bbox 2129 760 2473 839; x_wconf 69' lang='lat' dir='ltr'><strong>diligentius</strong></span> <span class='ocrx_word' id='word_1_51' title='bbox 2514 762 2797 822; x_wconf 80' lang='lat' dir='ltr'><strong>Terentio</strong></span> 
     </span>
     <span class='ocr_line' id='line_1_7' title="bbox 325 838 2797 917; baseline 0 -17"><span class='ocrx_word' id='word_1_52' title='bbox 325 840 610 901; x_wconf 80' lang='lat' dir='ltr'><strong>custodit.</strong></span> <span class='ocrx_word' id='word_1_53' title='bbox 687 838 1024 906; x_wconf 80' lang='lat' dir='ltr'><strong>Quinetiam</strong></span> <span class='ocrx_word' id='word_1_54' title='bbox 1040 838 1199 897; x_wconf 81' lang='lat' dir='ltr'><strong>solus</strong></span> <span class='ocrx_word' id='word_1_55' title='bbox 1225 852 1401 897; x_wconf 81' lang='lat' dir='ltr'><strong>ausus</strong></span> <span class='ocrx_word' id='word_1_56' title='bbox 1422 848 1530 906; x_wconf 82' lang='lat' dir='ltr'><strong>est,</strong></span> <span class='ocrx_word' id='word_1_57' title='bbox 1556 838 1692 897; x_wconf 73' lang='lat' dir='ltr'><strong>cum</strong></span> <span class='ocrx_word' id='word_1_58' title='bbox 1716 838 1774 895; x_wconf 90' lang='lat' dir='ltr'><strong>in</strong></span> <span class='ocrx_word' id='word_1_59' title='bbox 1795 838 1947 897; x_wconf 85' lang='lat' dir='ltr'><strong>fictis</strong></span> <span class='ocrx_word' id='word_1_60' title='bbox 1964 839 2321 917; x_wconf 80' lang='lat' dir='ltr'><strong>argumentis</strong></span> <span class='ocrx_word' id='word_1_61' title='bbox 2340 840 2515 899; x_wconf 84' lang='lat' dir='ltr'><strong>fldem</strong></span> <span class='ocrx_word' id='word_1_62' title='bbox 2535 842 2797 901; x_wconf 73' lang='lat' dir='ltr'><strong>veritatis</strong></span> 
     </span>
     <span class='ocr_line' id='line_1_8' title="bbox 319 916 2795 999; baseline 0 -20"><span class='ocrx_word' id='word_1_63' title='bbox 319 930 758 999; x_wconf 70' lang='lat' dir='ltr'><strong>assequeretur,</strong></span> <span class='ocrx_word' id='word_1_64' title='bbox 787 918 964 977; x_wconf 88' lang='lat' dir='ltr'><strong>etiam</strong></span> <span class='ocrx_word' id='word_1_65' title='bbox 1001 928 1208 977; x_wconf 88' lang='lat' dir='ltr'><strong>contra</strong></span> <span class='ocrx_word' id='word_1_66' title='bbox 1247 916 1590 995; x_wconf 85' lang='lat' dir='ltr'><strong>praescripta</strong></span> <span class='ocrx_word' id='word_1_67' title='bbox 1631 917 1894 987; x_wconf 82' lang='lat' dir='ltr'><strong>Comica,</strong></span> <span class='ocrx_word' id='word_1_68' title='bbox 1936 918 2293 986; x_wconf 73' lang='lat' dir='ltr'><strong>meretriceS,</strong></span> <span class='ocrx_word' id='word_1_69' title='bbox 2336 918 2631 978; x_wconf 88' lang='lat' dir='ltr'><strong>interdum</strong></span> <span class='ocrx_word' id='word_1_70' title='bbox 2676 940 2795 979; x_wconf 89' lang='lat' dir='ltr'><strong>non</strong></span> 
     </span>
     <span class='ocr_line' id='line_1_9' title="bbox 317 994 2797 1077; baseline 0 -20"><span class='ocrx_word' id='word_1_71' title='bbox 317 998 508 1057; x_wconf 71' lang='lat' dir='ltr'><strong>malas</strong></span> <span class='ocrx_word' id='word_1_72' title='bbox 535 998 949 1057; x_wconf 72' lang='lat' dir='ltr'><strong>introducere:</strong></span> <span class='ocrx_word' id='word_1_73' title='bbox 993 997 1204 1075; x_wconf 87' lang='lat' dir='ltr'><strong>quibus</strong></span> <span class='ocrx_word' id='word_1_74' title='bbox 1231 1006 1447 1063; x_wconf 87' lang='lat' dir='ltr'><strong>tamen,</strong></span> <span class='ocrx_word' id='word_1_75' title='bbox 1478 1013 1587 1053; x_wconf 88' lang='lat' dir='ltr'><strong>cur</strong></span> <span class='ocrx_word' id='word_1_76' title='bbox 1614 994 1785 1053; x_wconf 78' lang='lat' dir='ltr'><strong>bonae</strong></span> <span class='ocrx_word' id='word_1_77' title='bbox 1810 996 1944 1066; x_wconf 88' lang='lat' dir='ltr'><strong>sint,</strong></span> <span class='ocrx_word' id='word_1_78' title='bbox 1974 1008 2035 1054; x_wconf 86' lang='lat' dir='ltr'><strong>et</strong></span> <span class='ocrx_word' id='word_1_79' title='bbox 2062 996 2329 1077; x_wconf 79' lang='lat' dir='ltr'><strong>voluptas</strong></span> <span class='ocrx_word' id='word_1_80' title='bbox 2354 1016 2463 1076; x_wconf 87' lang='lat' dir='ltr'><strong>per</strong></span> <span class='ocrx_word' id='word_1_81' title='bbox 2502 998 2690 1077; x_wconf 86' lang='lat' dir='ltr'><strong>ipsum</strong></span> <span class='ocrx_word' id='word_1_82' title='bbox 2734 1010 2797 1058; x_wconf 90' lang='lat' dir='ltr'><strong>et</strong></span> 
     </span>
     <span class='ocr_line' id='line_1_10' title="bbox 319 1072 2794 1151; baseline -0.001 -15"><span class='ocrx_word' id='word_1_83' title='bbox 319 1092 501 1137; x_wconf 82' lang='lat' dir='ltr'><strong>causa</strong></span> <span class='ocrx_word' id='word_1_84' title='bbox 527 1084 645 1135; x_wconf 76' lang='lat' dir='ltr'><strong>non</strong></span> <span class='ocrx_word' id='word_1_85' title='bbox 673 1076 850 1135; x_wconf 89' lang='lat' dir='ltr'><strong>desit.</strong></span> <span class='ocrx_word' id='word_1_86' title='bbox 932 1074 1084 1151; x_wconf 79' lang='lat' dir='ltr'><strong>Haec</strong></span> <span class='ocrx_word' id='word_1_87' title='bbox 1112 1074 1245 1133; x_wconf 75' lang='lat' dir='ltr'><strong>cum</strong></span> <span class='ocrx_word' id='word_1_88' title='bbox 1274 1072 1587 1133; x_wconf 74' lang='lat' dir='ltr'><strong>artificiose</strong></span> <span class='ocrx_word' id='word_1_89' title='bbox 1622 1072 1923 1133; x_wconf 71' lang='lat' dir='ltr'><strong>Terentius</strong></span> <span class='ocrx_word' id='word_1_90' title='bbox 1942 1074 2171 1146; x_wconf 85' lang='lat' dir='ltr'><strong>fecerit,</strong></span> <span class='ocrx_word' id='word_1_91' title='bbox 2193 1086 2318 1134; x_wconf 89' lang='lat' dir='ltr'><strong>tum</strong></span> <span class='ocrx_word' id='word_1_92' title='bbox 2336 1076 2481 1135; x_wconf 87' lang='lat' dir='ltr'><strong>illud</strong></span> <span class='ocrx_word' id='word_1_93' title='bbox 2500 1088 2590 1136; x_wconf 85' lang='lat' dir='ltr'><strong>est</strong></span> <span class='ocrx_word' id='word_1_94' title='bbox 2610 1076 2794 1135; x_wconf 87' lang='lat' dir='ltr'><strong>admi-</strong></span> 
     </span>
     <span class='ocr_line' id='line_1_11' title="bbox 317 1151 2793 1235; baseline 0 -20"><span class='ocrx_word' id='word_1_95' title='bbox 317 1156 589 1226; x_wconf 88' lang='lat' dir='ltr'><strong>randum,</strong></span> <span class='ocrx_word' id='word_1_96' title='bbox 618 1154 776 1235; x_wconf 74' lang='lat' dir='ltr'><strong>quod</strong></span> <span class='ocrx_word' id='word_1_97' title='bbox 811 1164 874 1213; x_wconf 88' lang='lat' dir='ltr'><strong>et</strong></span> <span class='ocrx_word' id='word_1_98' title='bbox 911 1171 1134 1211; x_wconf 90' lang='lat' dir='ltr'><strong>morem</strong></span> <span class='ocrx_word' id='word_1_99' title='bbox 1176 1152 1436 1222; x_wconf 80' lang='lat' dir='ltr'><strong>retinuit,</strong></span> <span class='ocrx_word' id='word_1_100' title='bbox 1479 1163 1547 1210; x_wconf 89' lang='lat' dir='ltr'><strong>ut</strong></span> <span class='ocrx_word' id='word_1_101' title='bbox 1588 1151 1955 1211; x_wconf 79' lang='lat' dir='ltr'><strong>comoediam</strong></span> <span class='ocrx_word' id='word_1_102' title='bbox 1996 1154 2298 1223; x_wconf 76' lang='lat' dir='ltr'><strong>scriberet,</strong></span> <span class='ocrx_word' id='word_1_103' title='bbox 2342 1168 2403 1214; x_wconf 89' lang='lat' dir='ltr'><strong>et</strong></span> <span class='ocrx_word' id='word_1_104' title='bbox 2443 1156 2793 1235; x_wconf 81' lang='lat' dir='ltr'><strong>temperavit</strong></span> 
     </span>
     <span class='ocr_line' id='line_1_12' title="bbox 317 1230 2792 1311; baseline 0 -18"><span class='ocrx_word' id='word_1_105' title='bbox 317 1233 619 1303; x_wconf 80' lang='lat' dir='ltr'><strong>affectum,</strong></span> <span class='ocrx_word' id='word_1_106' title='bbox 631 1250 708 1293; x_wconf 89' lang='lat' dir='ltr'><strong>ne</strong></span> <span class='ocrx_word' id='word_1_107' title='bbox 729 1232 786 1291; x_wconf 87' lang='lat' dir='ltr'><strong>in</strong></span> <span class='ocrx_word' id='word_1_108' title='bbox 811 1232 1189 1311; x_wconf 85' lang='lat' dir='ltr'><strong>Tragoediam</strong></span> <span class='ocrx_word' id='word_1_109' title='bbox 1209 1231 1554 1291; x_wconf 79' lang='lat' dir='ltr'><strong>transiliret:</strong></span> <span class='ocrx_word' id='word_1_110' title='bbox 1578 1230 1737 1309; x_wconf 86' lang='lat' dir='ltr'><strong>quod</strong></span> <span class='ocrx_word' id='word_1_111' title='bbox 1754 1250 1888 1289; x_wconf 90' lang='lat' dir='ltr'><strong>cum</strong></span> <span class='ocrx_word' id='word_1_112' title='bbox 1907 1230 2033 1290; x_wconf 84' lang='lat' dir='ltr'><strong>aliis</strong></span> <span class='ocrx_word' id='word_1_113' title='bbox 2051 1233 2224 1293; x_wconf 82' lang='lat' dir='ltr'><strong>rebus</strong></span> <span class='ocrx_word' id='word_1_114' title='bbox 2242 1232 2473 1293; x_wconf 72' lang='lat' dir='ltr'><strong>minime</strong></span> <span class='ocrx_word' id='word_1_115' title='bbox 2484 1236 2792 1294; x_wconf 87' lang='lat' dir='ltr'><strong>obtentum</strong></span> 
     </span>
     <span class='ocr_line' id='line_1_13' title="bbox 320 1308 2792 1389; baseline 0 -18"><span class='ocrx_word' id='word_1_116' title='bbox 320 1322 386 1372; x_wconf 85' lang='lat' dir='ltr'><strong>et</strong></span> <span class='ocrx_word' id='word_1_117' title='bbox 413 1312 449 1371; x_wconf 67' lang='lat' dir='ltr'><strong>a</strong></span> <span class='ocrx_word' id='word_1_118' title='bbox 477 1312 710 1383; x_wconf 79' lang='lat' dir='ltr'><strong>Plauto,</strong></span> <span class='ocrx_word' id='word_1_119' title='bbox 731 1324 793 1371; x_wconf 91' lang='lat' dir='ltr'><strong>et</strong></span> <span class='ocrx_word' id='word_1_120' title='bbox 821 1311 895 1370; x_wconf 89' lang='lat' dir='ltr'><strong>ab</strong></span> <span class='ocrx_word' id='word_1_121' title='bbox 916 1310 1170 1389; x_wconf 61' lang='lat' dir='ltr'><strong>Afranio</strong></span> <span class='ocrx_word' id='word_1_122' title='bbox 1188 1322 1250 1369; x_wconf 90' lang='lat' dir='ltr'><strong>et</strong></span> <span class='ocrx_word' id='word_1_123' title='bbox 1267 1309 1462 1380; x_wconf 79' lang='lat' dir='ltr'><strong>Accio,</strong></span> <span class='ocrx_word' id='word_1_124' title='bbox 1486 1319 1547 1368; x_wconf 90' lang='lat' dir='ltr'><strong>et</strong></span> <span class='ocrx_word' id='word_1_125' title='bbox 1568 1308 1765 1368; x_wconf 82' lang='lat' dir='ltr'><strong>multis</strong></span> <span class='ocrx_word' id='word_1_126' title='bbox 1784 1308 1908 1368; x_wconf 68' lang='lat' dir='ltr'><strong>fere</strong></span> <span class='ocrx_word' id='word_1_127' title='bbox 1928 1329 2021 1368; x_wconf 91' lang='lat' dir='ltr'><strong>ma</strong></span> <span class='ocrx_word' id='word_1_128' title='bbox 2066 1309 2154 1369; x_wconf 86' lang='lat' dir='ltr'><strong>nis</strong></span> <span class='ocrx_word' id='word_1_129' title='bbox 2177 1312 2433 1372; x_wconf 79' lang='lat' dir='ltr'><strong>Cornicis</strong></span> <span class='ocrx_word' id='word_1_130' title='bbox 2448 1313 2792 1374; x_wconf 80' lang='lat' dir='ltr'><strong>invenimus.</strong></span> 
     </span>
     <span class='ocr_line' id='line_1_14' title="bbox 319 1386 2792 1469; baseline 0.001 -19"><span class='ocrx_word' id='word_1_131' title='bbox 319 1390 481 1450; x_wconf 83' lang='lat' dir='ltr'><strong>Illud</strong></span> <span class='ocrx_word' id='word_1_132' title='bbox 509 1409 746 1469; x_wconf 88' lang='lat' dir='ltr'><strong>quoque</strong></span> <span class='ocrx_word' id='word_1_133' title='bbox 773 1390 926 1449; x_wconf 84' lang='lat' dir='ltr'><strong>inter</strong></span> <span class='ocrx_word' id='word_1_134' title='bbox 953 1389 1338 1449; x_wconf 77' lang='lat' dir='ltr'><strong>Terentianus</strong></span> <span class='ocrx_word' id='word_1_135' title='bbox 1361 1388 1611 1448; x_wconf 80' lang='lat' dir='ltr'><strong>virtutes</strong></span> <span class='ocrx_word' id='word_1_136' title='bbox 1637 1386 1919 1459; x_wconf 88' lang='lat' dir='ltr'><strong>mirabile,</strong></span> <span class='ocrx_word' id='word_1_137' title='bbox 1949 1408 2027 1469; x_wconf 87' lang='lat' dir='ltr'><strong>qu</strong></span> <span class='ocrx_word' id='word_1_138' title='bbox 2068 1389 2106 1447; x_wconf 88' lang='lat' dir='ltr'><strong>d</strong></span> <span class='ocrx_word' id='word_1_139' title='bbox 2133 1394 2257 1465; x_wconf 86' lang='lat' dir='ltr'><strong>ejus</strong></span> <span class='ocrx_word' id='word_1_140' title='bbox 2291 1390 2505 1451; x_wconf 81' lang='lat' dir='ltr'><strong>fabulae</strong></span> <span class='ocrx_word' id='word_1_141' title='bbox 2540 1410 2613 1451; x_wconf 88' lang='lat' dir='ltr'><strong>eo</strong></span> <span class='ocrx_word' id='word_1_142' title='bbox 2652 1404 2792 1452; x_wconf 83' lang='lat' dir='ltr'><strong>sunt</strong></span> 
     </span>
     <span class='ocr_line' id='line_1_15' title="bbox 319 1466 2791 1550; baseline 0 -21"><span class='ocrx_word' id='word_1_143' title='bbox 319 1478 809 1548; x_wconf 85' lang='lat' dir='ltr'><strong>temperamento,</strong></span> <span class='ocrx_word' id='word_1_144' title='bbox 849 1478 916 1527; x_wconf 91' lang='lat' dir='ltr'><strong>ut</strong></span> <span class='ocrx_word' id='word_1_145' title='bbox 965 1486 1163 1547; x_wconf 88' lang='lat' dir='ltr'><strong>neque</strong></span> <span class='ocrx_word' id='word_1_146' title='bbox 1207 1476 1623 1527; x_wconf 83' lang='lat' dir='ltr'><strong>extumescant</strong></span> <span class='ocrx_word' id='word_1_147' title='bbox 1676 1466 1751 1525; x_wconf 90' lang='lat' dir='ltr'><strong>ad</strong></span> <span class='ocrx_word' id='word_1_148' title='bbox 1799 1467 2081 1545; x_wconf 86' lang='lat' dir='ltr'><strong>tragicam</strong></span> <span class='ocrx_word' id='word_1_149' title='bbox 2125 1468 2554 1541; x_wconf 74' lang='lat' dir='ltr'><strong>celsitudinem,</strong></span> <span class='ocrx_word' id='word_1_150' title='bbox 2596 1490 2791 1550; x_wconf 88' lang='lat' dir='ltr'><strong>neque</strong></span> 
     </span>
     <span class='ocr_line' id='line_1_16' title="bbox 317 1544 2791 1625; baseline -0 -17"><span class='ocrx_word' id='word_1_151' title='bbox 317 1548 670 1625; x_wconf 68' lang='lat' dir='ltr'><strong>ainciantur</strong></span> <span class='ocrx_word' id='word_1_152' title='bbox 696 1548 772 1607; x_wconf 91' lang='lat' dir='ltr'><strong>ad</strong></span> <span class='ocrx_word' id='word_1_153' title='bbox 801 1546 1089 1605; x_wconf 86' lang='lat' dir='ltr'><strong>mimicam</strong></span> <span class='ocrx_word' id='word_1_154' title='bbox 1118 1545 1421 1606; x_wconf 84' lang='lat' dir='ltr'><strong>vilitatem.</strong></span> <span class='ocrx_word' id='word_1_155' title='bbox 1505 1544 1686 1604; x_wconf 86' lang='lat' dir='ltr'><strong>Adde</strong></span> <span class='ocrx_word' id='word_1_156' title='bbox 1712 1544 1869 1623; x_wconf 77' lang='lat' dir='ltr'><strong>quod</strong></span> <span class='ocrx_word' id='word_1_157' title='bbox 1896 1545 2036 1604; x_wconf 87' lang='lat' dir='ltr'><strong>nihil</strong></span> <span class='ocrx_word' id='word_1_158' title='bbox 2065 1547 2393 1607; x_wconf 86' lang='lat' dir='ltr'><strong>abstrusum</strong></span> <span class='ocrx_word' id='word_1_159' title='bbox 2420 1551 2495 1609; x_wconf 87' lang='lat' dir='ltr'><strong>ab</strong></span> <span class='ocrx_word' id='word_1_160' title='bbox 2522 1567 2595 1608; x_wconf 90' lang='lat' dir='ltr'><strong>eo</strong></span> <span class='ocrx_word' id='word_1_161' title='bbox 2664 1550 2791 1609; x_wconf 89' lang='lat' dir='ltr'><strong>oni-</strong></span> 
     </span>
     <span class='ocr_line' id='line_1_17' title="bbox 319 1622 2793 1707; baseline 0 -20"><span class='ocrx_word' id='word_1_162' title='bbox 319 1638 438 1698; x_wconf 87' lang='lat' dir='ltr'><strong>tur,</strong></span> <span class='ocrx_word' id='word_1_163' title='bbox 468 1639 572 1687; x_wconf 85' lang='lat' dir='ltr'><strong>aut</strong></span> <span class='ocrx_word' id='word_1_164' title='bbox 601 1627 764 1707; x_wconf 84' lang='lat' dir='ltr'><strong>quod</strong></span> <span class='ocrx_word' id='word_1_165' title='bbox 790 1628 864 1685; x_wconf 85' lang='lat' dir='ltr'><strong>ab</strong></span> <span class='ocrx_word' id='word_1_166' title='bbox 891 1625 1184 1685; x_wconf 75' lang='lat' dir='ltr'><strong>historicis</strong></span> <span class='ocrx_word' id='word_1_167' title='bbox 1213 1624 1629 1703; x_wconf 81' lang='lat' dir='ltr'><strong>requirendum</strong></span> <span class='ocrx_word' id='word_1_168' title='bbox 1659 1622 1769 1692; x_wconf 73' lang='lat' dir='ltr'><strong>sit:</strong></span> <span class='ocrx_word' id='word_1_169' title='bbox 1900 1624 1975 1683; x_wconf 89' lang='lat' dir='ltr'><strong>od</strong></span> <span class='ocrx_word' id='word_1_170' title='bbox 2001 1625 2211 1703; x_wconf 80' lang='lat' dir='ltr'><strong>saepius</strong></span> <span class='ocrx_word' id='word_1_171' title='bbox 2239 1626 2485 1687; x_wconf 75' lang='lat' dir='ltr'><strong>Plautus</strong></span> <span class='ocrx_word' id='word_1_172' title='bbox 2520 1628 2685 1699; x_wconf 74' lang='lat' dir='ltr'><strong>facit,</strong></span> <span class='ocrx_word' id='word_1_173' title='bbox 2727 1630 2793 1687; x_wconf 77' lang='lat' dir='ltr'><strong>et&#39;</strong></span> 
     </span>
     <span class='ocr_line' id='line_1_18' title="bbox 319 1702 2789 1785; baseline 0 -18"><span class='ocrx_word' id='word_1_174' title='bbox 319 1705 395 1767; x_wconf 73' lang='lat' dir='ltr'><strong>eo</strong></span> <span class='ocrx_word' id='word_1_175' title='bbox 419 1716 510 1766; x_wconf 79' lang='lat' dir='ltr'><strong>est</strong></span> <span class='ocrx_word' id='word_1_176' title='bbox 537 1706 844 1767; x_wconf 83' lang='lat' dir='ltr'><strong>obscurior</strong></span> <span class='ocrx_word' id='word_1_177' title='bbox 867 1704 928 1763; x_wconf 90' lang='lat' dir='ltr'><strong>in</strong></span> <span class='ocrx_word' id='word_1_178' title='bbox 953 1705 1219 1783; x_wconf 86' lang='lat' dir='ltr'><strong>pluribus</strong></span> <span class='ocrx_word' id='word_1_179' title='bbox 1245 1706 1418 1763; x_wconf 77' lang='lat' dir='ltr'><strong>locis.</strong></span> <span class='ocrx_word' id='word_1_180' title='bbox 1499 1702 1679 1761; x_wconf 85' lang='lat' dir='ltr'><strong>Adde</strong></span> <span class='ocrx_word' id='word_1_181' title='bbox 1696 1722 1776 1783; x_wconf 90' lang='lat' dir='ltr'><strong>qu</strong></span> <span class='ocrx_word' id='word_1_182' title='bbox 1874 1706 2201 1783; x_wconf 78' lang='lat' dir='ltr'><strong>argumenti</strong></span> <span class='ocrx_word' id='word_1_183' title='bbox 2219 1724 2289 1765; x_wconf 89' lang='lat' dir='ltr'><strong>ac</strong></span> <span class='ocrx_word' id='word_1_184' title='bbox 2310 1706 2445 1785; x_wconf 82' lang='lat' dir='ltr'><strong>styli</strong></span> <span class='ocrx_word' id='word_1_185' title='bbox 2463 1706 2546 1765; x_wconf 82' lang='lat' dir='ltr'><strong>ita</strong></span> <span class='ocrx_word' id='word_1_186' title='bbox 2561 1708 2789 1767; x_wconf 74' lang='lat' dir='ltr'><strong>attente</strong></span> 
     </span>
     <span class='ocr_line' id='line_1_19' title="bbox 318 1782 2785 1863; baseline 0 -21"><span class='ocrx_word' id='word_1_187' title='bbox 318 1800 546 1843; x_wconf 85' lang='lat' dir='ltr'><strong>memor</strong></span> <span class='ocrx_word' id='word_1_188' title='bbox 563 1797 673 1854; x_wconf 81' lang='lat' dir='ltr'><strong>est,</strong></span> <span class='ocrx_word' id='word_1_189' title='bbox 687 1794 754 1842; x_wconf 91' lang='lat' dir='ltr'><strong>ut</strong></span> <span class='ocrx_word' id='word_1_190' title='bbox 767 1794 1054 1863; x_wconf 82' lang='lat' dir='ltr'><strong>nusquam</strong></span> <span class='ocrx_word' id='word_1_191' title='bbox 1083 1802 1201 1842; x_wconf 87' lang='lat' dir='ltr'><strong>non</strong></span> <span class='ocrx_word' id='word_1_192' title='bbox 1223 1782 1464 1851; x_wconf 85' lang='lat' dir='ltr'><strong>caverit,</strong></span> <span class='ocrx_word' id='word_1_193' title='bbox 1493 1792 1599 1840; x_wconf 90' lang='lat' dir='ltr'><strong>aut</strong></span> <span class='ocrx_word' id='word_1_194' title='bbox 1618 1782 1911 1840; x_wconf 86' lang='lat' dir='ltr'><strong>curaverit</strong></span> <span class='ocrx_word' id='word_1_195' title='bbox 1939 1800 2028 1852; x_wconf 89' lang='lat' dir='ltr'><strong>ea,</strong></span> <span class='ocrx_word' id='word_1_196' title='bbox 2052 1802 2185 1861; x_wconf 79' lang='lat' dir='ltr'><strong>quae</strong></span> <span class='ocrx_word' id='word_1_197' title='bbox 2205 1785 2409 1843; x_wconf 83' lang='lat' dir='ltr'><strong>obesse</strong></span> <span class='ocrx_word' id='word_1_198' title='bbox 2428 1796 2751 1863; x_wconf 88' lang='lat' dir='ltr'><strong>potuerunt</strong></span> <span class='ocrx_word' id='word_1_199' title='bbox 2768 1808 2785 1842; x_wconf 88' lang='lat'><strong>:</strong></span> 
     </span>
     <span class='ocr_line' id='line_1_20' title="bbox 321 1860 2789 1943; baseline 0 -22"><span class='ocrx_word' id='word_1_200' title='bbox 321 1871 450 1922; x_wconf 90' lang='lat' dir='ltr'><strong>tum</strong></span> <span class='ocrx_word' id='word_1_201' title='bbox 470 1863 632 1943; x_wconf 73' lang='lat' dir='ltr'><strong>qu‘od</strong></span> <span class='ocrx_word' id='word_1_202' title='bbox 653 1862 845 1921; x_wconf 88' lang='lat' dir='ltr'><strong>media</strong></span> <span class='ocrx_word' id='word_1_203' title='bbox 863 1862 1064 1940; x_wconf 84' lang='lat' dir='ltr'><strong>primis</strong></span> <span class='ocrx_word' id='word_1_204' title='bbox 1083 1874 1262 1939; x_wconf 86' lang='lat' dir='ltr'><strong>atque</strong></span> <span class='ocrx_word' id='word_1_205' title='bbox 1283 1860 1597 1940; x_wconf 74' lang='lat' dir='ltr'><strong>postremis</strong></span> <span class='ocrx_word' id='word_1_206' title='bbox 1615 1861 1699 1919; x_wconf 90' lang='lat' dir='ltr'><strong>ita</strong></span> <span class='ocrx_word' id='word_1_207' title='bbox 1717 1860 1945 1929; x_wconf 87' lang='lat' dir='ltr'><strong>nexuit,</strong></span> <span class='ocrx_word' id='word_1_208' title='bbox 1958 1871 2025 1919; x_wconf 91' lang='lat' dir='ltr'><strong>ut</strong></span> <span class='ocrx_word' id='word_1_209' title='bbox 2041 1860 2183 1919; x_wconf 89' lang='lat' dir='ltr'><strong>nihil</strong></span> <span class='ocrx_word' id='word_1_210' title='bbox 2204 1862 2467 1921; x_wconf 87' lang='lat' dir='ltr'><strong>additum</strong></span> <span class='ocrx_word' id='word_1_211' title='bbox 2484 1864 2670 1932; x_wconf 88' lang='lat' dir='ltr'><strong>alteri,</strong></span> <span class='ocrx_word' id='word_1_212' title='bbox 2683 1862 2789 1922; x_wconf 79' lang='lat' dir='ltr'><strong>sed</strong></span> 
     </span>
     <span class='ocr_line' id='line_1_21' title="bbox 323 1938 2789 2021; baseline 0 -22"><span class='ocrx_word' id='word_1_213' title='bbox 323 1952 532 2018; x_wconf 88' lang='lat' dir='ltr'><strong>aptum</strong></span> <span class='ocrx_word' id='word_1_214' title='bbox 561 1960 638 2001; x_wconf 86' lang='lat' dir='ltr'><strong>ex</strong></span> <span class='ocrx_word' id='word_1_215' title='bbox 666 1960 732 2000; x_wconf 84' lang='lat' dir='ltr'><strong>se</strong></span> <span class='ocrx_word' id='word_1_216' title='bbox 758 1951 966 2007; x_wconf 87' lang='lat' dir='ltr'><strong>totum,</strong></span> <span class='ocrx_word' id='word_1_217' title='bbox 989 1953 1050 1999; x_wconf 89' lang='lat' dir='ltr'><strong>et</strong></span> <span class='ocrx_word' id='word_1_218' title='bbox 1071 1958 1191 1998; x_wconf 88' lang='lat' dir='ltr'><strong>uno</strong></span> <span class='ocrx_word' id='word_1_219' title='bbox 1211 1958 1457 2018; x_wconf 86' lang='lat' dir='ltr'><strong>corpore</strong></span> <span class='ocrx_word' id='word_1_220' title='bbox 1478 1938 1749 1998; x_wconf 66' lang='lat' dir='ltr'><strong>&lt;rideatur</strong></span> <span class='ocrx_word' id='word_1_221' title='bbox 1762 1958 1891 1998; x_wconf 81' lang='lat' dir='ltr'><strong>esse</strong></span> <span class='ocrx_word' id='word_1_222' title='bbox 1908 1938 2319 2016; x_wconf 88' lang='lat' dir='ltr'><strong>compositum.</strong></span> <span class='ocrx_word' id='word_1_223' title='bbox 2378 1940 2533 1998; x_wconf 89' lang='lat' dir='ltr'><strong>Illud</strong></span> <span class='ocrx_word' id='word_1_224' title='bbox 2552 1961 2789 2021; x_wconf 87' lang='lat' dir='ltr'><strong>quoque</strong></span> 
     </span>
     <span class='ocr_line' id='line_1_22' title="bbox 323 2018 2791 2096; baseline 0.001 -19"><span class='ocrx_word' id='word_1_225' title='bbox 323 2018 598 2077; x_wconf 86' lang='lat' dir='ltr'><strong>mirabile</strong></span> <span class='ocrx_word' id='word_1_226' title='bbox 639 2019 700 2075; x_wconf 87' lang='lat' dir='ltr'><strong>in</strong></span> <span class='ocrx_word' id='word_1_227' title='bbox 734 2036 807 2075; x_wconf 88' lang='lat' dir='ltr'><strong>eo</strong></span> <span class='ocrx_word' id='word_1_228' title='bbox 831 2018 1038 2095; x_wconf 88' lang='lat' dir='ltr'><strong>primo,</strong></span> <span class='ocrx_word' id='word_1_229' title='bbox 1068 2018 1226 2095; x_wconf 76' lang='lat' dir='ltr'><strong>quod</strong></span> <span class='ocrx_word' id='word_1_230' title='bbox 1252 2018 1478 2076; x_wconf 87' lang='lat' dir='ltr'><strong>nonita</strong></span> <span class='ocrx_word' id='word_1_231' title='bbox 1499 2018 1709 2077; x_wconf 88' lang='lat' dir='ltr'><strong>miscet</strong></span> <span class='ocrx_word' id='word_1_232' title='bbox 1738 2036 2017 2096; x_wconf 84' lang='lat' dir='ltr'><strong>personas</strong></span> <span class='ocrx_word' id='word_1_233' title='bbox 2084 2029 2313 2088; x_wconf 88' lang='lat' dir='ltr'><strong>uatuor,</strong></span> <span class='ocrx_word' id='word_1_234' title='bbox 2342 2029 2409 2076; x_wconf 91' lang='lat' dir='ltr'><strong>ut</strong></span> <span class='ocrx_word' id='word_1_235' title='bbox 2437 2020 2688 2078; x_wconf 85' lang='lat' dir='ltr'><strong>obscura</strong></span> <span class='ocrx_word' id='word_1_236' title='bbox 2713 2020 2791 2079; x_wconf 86' lang='lat' dir='ltr'><strong>sit</strong></span> 
     </span>
     <span class='ocr_line' id='line_1_23' title="bbox 322 2094 2789 2188; baseline 0.001 -32"><span class='ocrx_word' id='word_1_237' title='bbox 322 2113 534 2157; x_wconf 86' lang='lat' dir='ltr'><strong>earum</strong></span> <span class='ocrx_word' id='word_1_238' title='bbox 563 2095 880 2155; x_wconf 80' lang='lat' dir='ltr'><strong>distinctio.</strong></span> <span class='ocrx_word' id='word_1_239' title='bbox 959 2094 1040 2154; x_wconf 86' lang='lat' dir='ltr'><strong>Et</strong></span> <span class='ocrx_word' id='word_1_240' title='bbox 1066 2096 1206 2153; x_wconf 86' lang='lat' dir='ltr'><strong>item</strong></span> <span class='ocrx_word' id='word_1_241' title='bbox 1235 2095 1391 2175; x_wconf 74' lang='lat' dir='ltr'><strong>quod</strong></span> <span class='ocrx_word' id='word_1_242' title='bbox 1419 2095 1559 2154; x_wconf 83' lang='lat' dir='ltr'><strong>nihil</strong></span> <span class='ocrx_word' id='word_1_243' title='bbox 1597 2094 1673 2155; x_wconf 88' lang='lat' dir='ltr'><strong>ad</strong></span> <span class='ocrx_word' id='word_1_244' title='bbox 1714 2096 1997 2188; x_wconf 80' lang='lat' dir='ltr'><strong>populum</strong></span> <span class='ocrx_word' id='word_1_245' title='bbox 2063 2096 2181 2155; x_wconf 88' lang='lat' dir='ltr'><strong>acit</strong></span> <span class='ocrx_word' id='word_1_246' title='bbox 2221 2108 2482 2155; x_wconf 89' lang='lat' dir='ltr'><strong>actorem</strong></span> <span class='ocrx_word' id='word_1_247' title='bbox 2509 2098 2669 2156; x_wconf 83' lang='lat' dir='ltr'><strong>velut</strong></span> <span class='ocrx_word' id='word_1_248' title='bbox 2709 2118 2789 2159; x_wconf 84' lang='lat' dir='ltr'><strong>ex</strong></span> 
     </span>
     <span class='ocr_line' id='line_1_24' title="bbox 319 2171 2790 2255; baseline 0.001 -20"><span class='ocrx_word' id='word_1_249' title='bbox 319 2174 621 2255; x_wconf 65' lang='lat' dir='ltr'><strong>tragoedifi</strong></span> <span class='ocrx_word' id='word_1_250' title='bbox 645 2176 700 2233; x_wconf 83' lang='lat' dir='ltr'><strong>lo</strong></span> <span class='ocrx_word' id='word_1_251' title='bbox 747 2174 838 2233; x_wconf 89' lang='lat' dir='ltr'><strong>ui:</strong></span> <span class='ocrx_word' id='word_1_252' title='bbox 869 2174 1027 2253; x_wconf 88' lang='lat' dir='ltr'><strong>quod</strong></span> <span class='ocrx_word' id='word_1_253' title='bbox 1050 2173 1254 2233; x_wconf 83' lang='lat' dir='ltr'><strong>vitium</strong></span> <span class='ocrx_word' id='word_1_254' title='bbox 1283 2171 1488 2234; x_wconf 70' lang='lat' dir='ltr'><strong>Flami</strong></span> <span class='ocrx_word' id='word_1_255' title='bbox 1513 2174 2048 2255; x_wconf 74' lang='lat' dir='ltr'><strong>frequentissimum</strong></span> <span class='ocrx_word' id='word_1_256' title='bbox 2078 2186 2185 2234; x_wconf 88' lang='lat' dir='ltr'><strong>est.</strong></span> <span class='ocrx_word' id='word_1_257' title='bbox 2264 2174 2423 2234; x_wconf 88' lang='lat' dir='ltr'><strong>Illud</strong></span> <span class='ocrx_word' id='word_1_258' title='bbox 2439 2175 2611 2235; x_wconf 89' lang='lat' dir='ltr'><strong>etiam</strong></span> <span class='ocrx_word' id='word_1_259' title='bbox 2636 2177 2790 2237; x_wconf 88' lang='lat' dir='ltr'><strong>inter</strong></span> 
     </span>
     <span class='ocr_line' id='line_1_25' title="bbox 321 2252 2789 2335; baseline 0.002 -21"><span class='ocrx_word' id='word_1_260' title='bbox 321 2264 540 2314; x_wconf 78' lang='lat' dir='ltr'><strong>caetera</strong></span> <span class='ocrx_word' id='word_1_261' title='bbox 561 2256 686 2334; x_wconf 87' lang='lat' dir='ltr'><strong>ejus</strong></span> <span class='ocrx_word' id='word_1_262' title='bbox 729 2252 880 2312; x_wconf 86' lang='lat' dir='ltr'><strong>aude</strong></span> <span class='ocrx_word' id='word_1_263' title='bbox 900 2254 1142 2331; x_wconf 82' lang='lat' dir='ltr'><strong>dignum</strong></span> <span class='ocrx_word' id='word_1_264' title='bbox 1154 2252 1411 2325; x_wconf 84' lang='lat' dir='ltr'><strong>videtur,</strong></span> <span class='ocrx_word' id='word_1_265' title='bbox 1467 2260 1470 2263; x_wconf 82' lang='grc'><strong><em>’</em></strong></span> <span class='ocrx_word' id='word_1_266' title='bbox 1503 2254 1581 2312; x_wconf 73' lang='lat' dir='ltr'><strong>od</strong></span> <span class='ocrx_word' id='word_1_267' title='bbox 1597 2253 1988 2332; x_wconf 87' lang='lat' dir='ltr'><strong>locupletiora</strong></span> <span class='ocrx_word' id='word_1_268' title='bbox 2003 2266 2349 2333; x_wconf 88' lang='lat' dir='ltr'><strong>argumenta</strong></span> <span class='ocrx_word' id='word_1_269' title='bbox 2359 2274 2437 2313; x_wconf 84' lang='lat' dir='ltr'><strong>ex</strong></span> <span class='ocrx_word' id='word_1_270' title='bbox 2454 2254 2789 2335; x_wconf 85' lang='lat' dir='ltr'><strong>duplicibus</strong></span> 
     </span>
     <span class='ocr_line' id='line_1_26' title="bbox 314 2324 2789 2417; baseline 0.001 -25"><span class='ocrx_word' id='word_1_271' title='bbox 314 2348 396 2393; x_wconf 79' lang='lat' dir='ltr'><strong>ne</strong></span> <span class='ocrx_word' id='word_1_272' title='bbox 440 2333 574 2392; x_wconf 74' lang='lat' dir='ltr'><strong>otiis</strong></span> <span class='ocrx_word' id='word_1_273' title='bbox 591 2332 879 2411; x_wconf 88' lang='lat' dir='ltr'><strong>delegerit</strong></span> <span class='ocrx_word' id='word_1_274' title='bbox 895 2332 970 2391; x_wconf 87' lang='lat' dir='ltr'><strong>ad</strong></span> <span class='ocrx_word' id='word_1_275' title='bbox 988 2332 1386 2393; x_wconf 81' lang='lat' dir='ltr'><strong>scribendum.</strong></span> <span class='ocrx_word' id='word_1_276' title='bbox 1505 2352 1618 2400; x_wconf 87' lang='lat' dir='ltr'><strong>am,</strong></span> <span class='ocrx_word' id='word_1_277' title='bbox 1640 2336 1898 2412; x_wconf 74' lang='lat' dir='ltr'><strong>excepta</strong></span> <span class='ocrx_word' id='word_1_278' title='bbox 1919 2334 2183 2417; x_wconf 73' lang='lat' dir='ltr'><strong>Hecyra,</strong></span> <span class='ocrx_word' id='word_1_279' title='bbox 2209 2333 2268 2391; x_wconf 89' lang='lat' dir='ltr'><strong>in</strong></span> <span class='ocrx_word' id='word_1_280' title='bbox 2292 2334 2409 2413; x_wconf 64' lang='lat' dir='ltr'><strong>qua</strong></span> <span class='ocrx_word' id='word_1_281' title='bbox 2424 2334 2595 2394; x_wconf 84' lang='lat' dir='ltr'><strong>unius</strong></span> <span class='ocrx_word' id='word_1_282' title='bbox 2614 2324 2789 2395; x_wconf 84' lang='lat' dir='ltr'><strong>Pam-</strong></span> 
     </span>
     <span class='ocr_line' id='line_1_27' title="bbox 313 2410 2787 2491; baseline 0.002 -21"><span class='ocrx_word' id='word_1_283' title='bbox 313 2412 463 2491; x_wconf 73' lang='lat' dir='ltr'><strong>pmii</strong></span> <span class='ocrx_word' id='word_1_284' title='bbox 491 2429 656 2471; x_wconf 88' lang='lat' dir='ltr'><strong>amor</strong></span> <span class='ocrx_word' id='word_1_285' title='bbox 681 2420 792 2483; x_wconf 87' lang='lat' dir='ltr'><strong>est,</strong></span> <span class='ocrx_word' id='word_1_286' title='bbox 815 2422 1044 2471; x_wconf 76' lang='lat' dir='ltr'><strong>caeteroe</strong></span> <span class='ocrx_word' id='word_1_287' title='bbox 1063 2411 1204 2491; x_wconf 88' lang='lat' dir='ltr'><strong>quin</strong></span> <span class='ocrx_word' id='word_1_288' title='bbox 1247 2428 1324 2470; x_wconf 87' lang='lat' dir='ltr'><strong>ue</strong></span> <span class='ocrx_word' id='word_1_289' title='bbox 1343 2410 1516 2471; x_wconf 85' lang='lat' dir='ltr'><strong>binos</strong></span> <span class='ocrx_word' id='word_1_290' title='bbox 1542 2411 2011 2471; x_wconf 83' lang='lat' dir='ltr'><strong>adolescentulos</strong></span> <span class='ocrx_word' id='word_1_291' title='bbox 2038 2412 2276 2472; x_wconf 78' lang='lat' dir='ltr'><strong>habent.</strong></span> <span class='ocrx_word' id='word_1_292' title='bbox 2354 2412 2513 2472; x_wconf 88' lang='lat' dir='ltr'><strong>Illud</strong></span> <span class='ocrx_word' id='word_1_293' title='bbox 2534 2416 2671 2474; x_wconf 77' lang='lat' dir='ltr'><strong>vero</strong></span> <span class='ocrx_word' id='word_1_294' title='bbox 2698 2426 2787 2475; x_wconf 91' lang='lat' dir='ltr'><strong>te-</strong></span> 
     </span>
     <span class='ocr_line' id='line_1_28' title="bbox 310 2432 2795 2573; baseline 0.002 -24"><span class='ocrx_word' id='word_1_295' title='bbox 310 2491 575 2551; x_wconf 78' lang='lat' dir='ltr'><strong>nendum</strong></span> <span class='ocrx_word' id='word_1_296' title='bbox 603 2503 714 2562; x_wconf 78' lang='lat' dir='ltr'><strong>est,</strong></span> <span class='ocrx_word' id='word_1_297' title='bbox 742 2497 878 2571; x_wconf 82' lang='lat' dir='ltr'><strong>post</strong></span> <span class='ocrx_word' id='word_1_298' title='bbox 902 2488 1026 2551; x_wconf 73' lang='grc' dir='ltr'><strong>νέαν</strong></span> <span class='ocrx_word' id='word_1_299' title='bbox 1053 2432 1348 2571; x_wconf 52' lang='grc' dir='ltr'><strong>κωμῳςδίαν</strong></span> <span class='ocrx_word' id='word_1_300' title='bbox 1373 2488 1620 2551; x_wconf 81' lang='lat' dir='ltr'><strong>Latin&#39;os</strong></span> <span class='ocrx_word' id='word_1_301' title='bbox 1648 2491 1833 2550; x_wconf 86' lang='lat' dir='ltr'><strong>multa</strong></span> <span class='ocrx_word' id='word_1_302' title='bbox 1855 2490 2180 2551; x_wconf 84' lang='lat' dir='ltr'><strong>fabularum</strong></span> <span class='ocrx_word' id='word_1_303' title='bbox 2202 2509 2421 2571; x_wconf 89' lang='lat' dir='ltr'><strong>genera</strong></span> <span class='ocrx_word' id='word_1_304' title='bbox 2439 2494 2751 2573; x_wconf 79' lang='lat' dir='ltr'><strong>protulisse</strong></span> <span class='ocrx_word' id='word_1_305' title='bbox 2771 2500 2795 2552; x_wconf 73' lang='grc' dir='ltr'><strong>τ’</strong></span> 
     </span>
     <span class='ocr_line' id='line_1_29' title="bbox 314 2568 2786 2663; baseline 0.002 -35"><span class='ocrx_word' id='word_1_306' title='bbox 314 2580 384 2629; x_wconf 81' lang='lat' dir='ltr'><strong>ut</strong></span> <span class='ocrx_word' id='word_1_307' title='bbox 411 2580 664 2649; x_wconf 77' lang='lat' dir='ltr'><strong>togatas,</strong></span> <span class='ocrx_word' id='word_1_308' title='bbox 692 2570 728 2629; x_wconf 68' lang='lat' dir='ltr'><strong>a</strong></span> <span class='ocrx_word' id='word_1_309' title='bbox 753 2568 1002 2630; x_wconf 76' lang='lat' dir='ltr'><strong>scenicis</strong></span> <span class='ocrx_word' id='word_1_310' title='bbox 1027 2580 1208 2663; x_wconf 74' lang='lat' dir='ltr'><strong>atque</strong></span> <span class='ocrx_word' id='word_1_311' title='bbox 1236 2569 1601 2647; x_wconf 83' lang='lat' dir='ltr'><strong>argumentis</strong></span> <span class='ocrx_word' id='word_1_312' title='bbox 1640 2569 1905 2629; x_wconf 84' lang='lat' dir='ltr'><strong>Latinis:</strong></span> <span class='ocrx_word' id='word_1_313' title='bbox 1946 2582 2342 2663; x_wconf 63' lang='lat' dir='ltr'><strong>praetextatas,</strong></span> <span class='ocrx_word' id='word_1_314' title='bbox 2383 2572 2456 2630; x_wconf 89' lang='lat' dir='ltr'><strong>ab</strong></span> <span class='ocrx_word' id='word_1_315' title='bbox 2498 2572 2786 2651; x_wconf 84' lang='lat' dir='ltr'><strong>dignitate</strong></span> 
     </span>
     <span class='ocr_line' id='line_1_30' title="bbox 309 2647 2793 2729; baseline 0 -21"><span class='ocrx_word' id='word_1_316' title='bbox 309 2656 718 2729; x_wconf 73' lang='lat' dir='ltr'><strong>personarum,</strong></span> <span class='ocrx_word' id='word_1_317' title='bbox 748 2661 807 2708; x_wconf 88' lang='lat' dir='ltr'><strong>et</strong></span> <span class='ocrx_word' id='word_1_318' title='bbox 833 2648 1050 2707; x_wconf 65' lang='lat' dir='ltr'><strong>Latina</strong></span> <span class='ocrx_word' id='word_1_319' title='bbox 1074 2647 1361 2709; x_wconf 72' lang='lat' dir='ltr'><strong>historia:</strong></span> <span class='ocrx_word' id='word_1_320' title='bbox 1405 2649 1759 2721; x_wconf 83' lang='lat' dir='ltr'><strong>Attellanas,</strong></span> <span class='ocrx_word' id='word_1_321' title='bbox 1789 2648 1825 2709; x_wconf 67' lang='lat' dir='ltr'><strong>a</strong></span> <span class='ocrx_word' id='word_1_322' title='bbox 1852 2648 2089 2709; x_wconf 74' lang='lat' dir='ltr'><strong>civitate</strong></span> <span class='ocrx_word' id='word_1_323' title='bbox 2117 2650 2473 2729; x_wconf 77' lang='lat' dir='ltr'><strong>Campaniae,</strong></span> <span class='ocrx_word' id='word_1_324' title='bbox 2498 2651 2597 2709; x_wconf 87' lang='lat' dir='ltr'><strong>ubi</strong></span> <span class='ocrx_word' id='word_1_325' title='bbox 2638 2652 2793 2711; x_wconf 87' lang='lat' dir='ltr'><strong>acti-·</strong></span> 
     </span>
     <span class='ocr_line' id='line_1_31' title="bbox 309 2726 2784 2806; baseline 0 -20"><span class='ocrx_word' id='word_1_326' title='bbox 309 2728 456 2786; x_wconf 67' lang='lat' dir='ltr'><strong>ratae</strong></span> <span class='ocrx_word' id='word_1_327' title='bbox 481 2740 620 2787; x_wconf 87' lang='lat' dir='ltr'><strong>sunt</strong></span> <span class='ocrx_word' id='word_1_328' title='bbox 639 2728 932 2806; x_wconf 77' lang='lat' dir='ltr'><strong>plurimae:</strong></span> <span class='ocrx_word' id='word_1_329' title='bbox 969 2726 1377 2796; x_wconf 83' lang='lat' dir='ltr'><strong>Rhintonicas,</strong></span> <span class='ocrx_word' id='word_1_330' title='bbox 1401 2728 1486 2786; x_wconf 87' lang='lat' dir='ltr'><strong>ab·</strong></span> <span class='ocrx_word' id='word_1_331' title='bbox 1502 2728 1719 2788; x_wconf 79' lang='lat' dir='ltr'><strong>actoris</strong></span> <span class='ocrx_word' id='word_1_332' title='bbox 1746 2728 2017 2787; x_wconf 87' lang='lat' dir='ltr'><strong>nomine:</strong></span> <span class='ocrx_word' id='word_1_333' title='bbox 2050 2728 2426 2801; x_wconf 87' lang='lat' dir='ltr'><strong>tabernarias,</strong></span> <span class='ocrx_word' id='word_1_334' title='bbox 2449 2730 2523 2788; x_wconf 88' lang='lat' dir='ltr'><strong>ab</strong></span> <span class='ocrx_word' id='word_1_335' title='bbox 2550 2728 2784 2789; x_wconf 87' lang='lat' dir='ltr'><strong>humili-</strong></span> 
     </span>
     <span class='ocr_line' id='line_1_32' title="bbox 309 2806 2784 2886; baseline 0 -20"><span class='ocrx_word' id='word_1_336' title='bbox 309 2818 439 2866; x_wconf 85' lang='lat' dir='ltr'><strong>tate</strong></span> <span class='ocrx_word' id='word_1_337' title='bbox 466 2806 798 2886; x_wconf 83' lang='lat' dir='ltr'><strong>argumenti</strong></span> <span class='ocrx_word' id='word_1_338' title='bbox 814 2818 875 2867; x_wconf 91' lang='lat' dir='ltr'><strong>et</strong></span> <span class='ocrx_word' id='word_1_339' title='bbox 891 2806 1040 2865; x_wconf 84' lang='lat' dir='ltr'><strong>stili:</strong></span> <span class='ocrx_word' id='word_1_340' title='bbox 1073 2806 1300 2875; x_wconf 86' lang='lat' dir='ltr'><strong>mimos,</strong></span> <span class='ocrx_word' id='word_1_341' title='bbox 1320 2808 1396 2865; x_wconf 90' lang='lat' dir='ltr'><strong>ab</strong></span> <span class='ocrx_word' id='word_1_342' title='bbox 1419 2806 1696 2866; x_wconf 70' lang='lat' dir='ltr'><strong>diuturna</strong></span> <span class='ocrx_word' id='word_1_343' title='bbox 1715 2806 2037 2866; x_wconf 87' lang='lat' dir='ltr'><strong>imitatione</strong></span> <span class='ocrx_word' id='word_1_344' title='bbox 2057 2807 2254 2867; x_wconf 75' lang='lat' dir='ltr'><strong>vilium</strong></span> <span class='ocrx_word' id='word_1_345' title='bbox 2276 2828 2469 2866; x_wconf 88' lang='lat' dir='ltr'><strong>rerum</strong></span> <span class='ocrx_word' id='word_1_346' title='bbox 2488 2820 2550 2866; x_wconf 92' lang='lat' dir='ltr'><strong>et</strong></span> <span class='ocrx_word' id='word_1_347' title='bbox 2568 2808 2784 2868; x_wconf 88' lang='lat' dir='ltr'><strong>levium</strong></span> 
     </span>
     <span class='ocr_line' id='line_1_33' title="bbox 309 2884 2785 2965; baseline 0 -21"><span class='ocrx_word' id='word_1_348' title='bbox 309 2888 720 2965; x_wconf 77' lang='lat' dir='ltr'><strong>personarum.</strong></span> <span class='ocrx_word' id='word_1_349' title='bbox 799 2886 964 2945; x_wconf 86' lang='lat' dir='ltr'><strong>Inter</strong></span> <span class='ocrx_word' id='word_1_350' title='bbox 997 2884 1350 2963; x_wconf 86' lang='lat' dir='ltr'><strong>tragoediam</strong></span> <span class='ocrx_word' id='word_1_351' title='bbox 1391 2894 1589 2945; x_wconf 85' lang='lat' dir='ltr'><strong>autem</strong></span> <span class='ocrx_word' id='word_1_352' title='bbox 1632 2896 1695 2945; x_wconf 90' lang='lat' dir='ltr'><strong>et</strong></span> <span class='ocrx_word' id='word_1_353' title='bbox 1734 2884 2079 2945; x_wconf 86' lang='lat' dir='ltr'><strong>comoediam</strong></span> <span class='ocrx_word' id='word_1_354' title='bbox 2121 2887 2257 2945; x_wconf 77' lang='lat' dir='ltr'><strong>cum</strong></span> <span class='ocrx_word' id='word_1_355' title='bbox 2299 2886 2501 2955; x_wconf 87' lang='lat' dir='ltr'><strong>multa,</strong></span> <span class='ocrx_word' id='word_1_356' title='bbox 2550 2898 2674 2945; x_wconf 87' lang='lat' dir='ltr'><strong>tum</strong></span> <span class='ocrx_word' id='word_1_357' title='bbox 2722 2889 2785 2945; x_wconf 88' lang='lat' dir='ltr'><strong>in</strong></span> 
     </span>
     <span class='ocr_line' id='line_1_34' title="bbox 309 2963 2782 3042; baseline 0.001 -22"><span class='ocrx_word' id='word_1_358' title='bbox 309 2964 522 3042; x_wconf 69' lang='lat' dir='ltr'><strong>primis</strong></span> <span class='ocrx_word' id='word_1_359' title='bbox 547 2964 665 3023; x_wconf 82' lang='lat' dir='ltr'><strong>hoc</strong></span> <span class='ocrx_word' id='word_1_360' title='bbox 691 2964 899 3023; x_wconf 81' lang='lat' dir='ltr'><strong>distat:</strong></span> <span class='ocrx_word' id='word_1_361' title='bbox 929 2963 1086 3041; x_wconf 68' lang='lat' dir='ltr'><strong>quod</strong></span> <span class='ocrx_word' id='word_1_362' title='bbox 1112 2965 1172 3020; x_wconf 91' lang='lat' dir='ltr'><strong>in</strong></span> <span class='ocrx_word' id='word_1_363' title='bbox 1201 2964 1495 3024; x_wconf 69' lang='lat' dir='ltr'><strong>comoedia</strong></span> <span class='ocrx_word' id='word_1_364' title='bbox 1513 2964 1840 3024; x_wconf 85' lang='lat' dir='ltr'><strong>mediocres</strong></span> <span class='ocrx_word' id='word_1_365' title='bbox 1866 2964 2117 3022; x_wconf 74' lang='lat' dir='ltr'><strong>fortunae</strong></span> <span class='ocrx_word' id='word_1_366' title='bbox 2142 2964 2462 3032; x_wconf 86' lang='lat' dir='ltr'><strong>hominum,</strong></span> <span class='ocrx_word' id='word_1_367' title='bbox 2492 2966 2652 3041; x_wconf 83' lang='lat' dir='ltr'><strong>parvi</strong></span> <span class='ocrx_word' id='word_1_368' title='bbox 2675 2964 2782 3023; x_wconf 89' lang='lat' dir='ltr'><strong>im·</strong></span> 
     </span>
     <span class='ocr_line' id='line_1_35' title="bbox 311 3040 2795 3119; baseline 0 -20"><span class='ocrx_word' id='word_1_369' title='bbox 311 3052 502 3119; x_wconf 83' lang='lat' dir='ltr'><strong>petua</strong></span> <span class='ocrx_word' id='word_1_370' title='bbox 527 3041 924 3119; x_wconf 84' lang='lat' dir='ltr'><strong>periculaque,</strong></span> <span class='ocrx_word' id='word_1_371' title='bbox 940 3040 1178 3117; x_wconf 78' lang='lat' dir='ltr'><strong>laetique</strong></span> <span class='ocrx_word' id='word_1_372' title='bbox 1195 3053 1334 3100; x_wconf 85' lang='lat' dir='ltr'><strong>sunt</strong></span> <span class='ocrx_word' id='word_1_373' title='bbox 1354 3043 1551 3102; x_wconf 84' lang='lat' dir='ltr'><strong>exitus</strong></span> <span class='ocrx_word' id='word_1_374' title='bbox 1571 3044 1867 3103; x_wconf 87' lang='lat' dir='ltr'><strong>actionum</strong></span> <span class='ocrx_word' id='word_1_375' title='bbox 1892 3062 1908 3099; x_wconf 93' lang='lat'><strong>:</strong></span> <span class='ocrx_word' id='word_1_376' title='bbox 1936 3054 1997 3100; x_wconf 91' lang='lat' dir='ltr'><strong>at</strong></span> <span class='ocrx_word' id='word_1_377' title='bbox 2016 3041 2075 3098; x_wconf 90' lang='lat' dir='ltr'><strong>in</strong></span> <span class='ocrx_word' id='word_1_378' title='bbox 2098 3040 2403 3119; x_wconf 71' lang='lat' dir='ltr'><strong>tragoedifi,</strong></span> <span class='ocrx_word' id='word_1_379' title='bbox 2426 3042 2620 3100; x_wconf 90' lang='lat' dir='ltr'><strong>omnia</strong></span> <span class='ocrx_word' id='word_1_380' title='bbox 2640 3058 2795 3101; x_wconf 85' lang='lat' dir='ltr'><strong>con:</strong></span> 
     </span>
     <span class='ocr_line' id='line_1_36' title="bbox 311 3118 2785 3198; baseline 0.001 -20"><span class='ocrx_word' id='word_1_381' title='bbox 311 3118 526 3187; x_wconf 87' lang='lat' dir='ltr'><strong>traria,</strong></span> <span class='ocrx_word' id='word_1_382' title='bbox 555 3118 824 3196; x_wconf 84' lang='lat' dir='ltr'><strong>ingentes</strong></span> <span class='ocrx_word' id='word_1_383' title='bbox 846 3132 1126 3198; x_wconf 81' lang='lat' dir='ltr'><strong>personae,</strong></span> <span class='ocrx_word' id='word_1_384' title='bbox 1151 3120 1346 3198; x_wconf 74' lang='lat' dir='ltr'><strong>magni</strong></span> <span class='ocrx_word' id='word_1_385' title='bbox 1385 3122 1643 3191; x_wconf 84' lang='lat' dir='ltr'><strong>timores,</strong></span> <span class='ocrx_word' id='word_1_386' title='bbox 1686 3120 1880 3181; x_wconf 79' lang='lat' dir='ltr'><strong>exitus</strong></span> <span class='ocrx_word' id='word_1_387' title='bbox 1920 3118 2138 3177; x_wconf 83' lang='lat' dir='ltr'><strong>funesti</strong></span> <span class='ocrx_word' id='word_1_388' title='bbox 2165 3118 2472 3177; x_wconf 88' lang='lat' dir='ltr'><strong>habentur.</strong></span> <span class='ocrx_word' id='word_1_389' title='bbox 2554 3118 2634 3179; x_wconf 90' lang='lat' dir='ltr'><strong>Et</strong></span> <span class='ocrx_word' id='word_1_390' title='bbox 2660 3118 2785 3182; x_wconf 84' lang='lat' dir='ltr'><strong>illic</strong></span> 
     </span>
     <span class='ocr_line' id='line_1_37' title="bbox 309 3196 2782 3279; baseline 0.001 -22"><span class='ocrx_word' id='word_1_391' title='bbox 309 3196 666 3257; x_wconf 83' lang='lat' dir='ltr'><strong>turbulenta</strong></span> <span class='ocrx_word' id='word_1_392' title='bbox 691 3196 894 3276; x_wconf 88' lang='lat' dir='ltr'><strong>prima,</strong></span> <span class='ocrx_word' id='word_1_393' title='bbox 923 3197 1233 3277; x_wconf 85' lang='lat' dir='ltr'><strong>tranquilla</strong></span> <span class='ocrx_word' id='word_1_394' title='bbox 1261 3199 1501 3258; x_wconf 89' lang='lat' dir='ltr'><strong>ultima:</strong></span> <span class='ocrx_word' id='word_1_395' title='bbox 1530 3201 1600 3258; x_wconf 93' lang='lat' dir='ltr'><strong>In</strong></span> <span class='ocrx_word' id='word_1_396' title='bbox 1627 3197 1920 3279; x_wconf 72' lang='lat' dir='ltr'><strong>tragoedia</strong></span> <span class='ocrx_word' id='word_1_397' title='bbox 1944 3197 2239 3257; x_wconf 87' lang='lat' dir='ltr'><strong>contrario</strong></span> <span class='ocrx_word' id='word_1_398' title='bbox 2258 3196 2462 3255; x_wconf 86' lang='lat' dir='ltr'><strong>ordine</strong></span> <span class='ocrx_word' id='word_1_399' title='bbox 2482 3217 2575 3258; x_wconf 87' lang='lat' dir='ltr'><strong>res</strong></span> <span class='ocrx_word' id='word_1_400' title='bbox 2596 3219 2782 3278; x_wconf 88' lang='lat' dir='ltr'><strong>agun-</strong></span> 
     </span>
     <span class='ocr_line' id='line_1_38' title="bbox 305 3274 2783 3357; baseline 0.001 -21"><span class='ocrx_word' id='word_1_401' title='bbox 305 3288 432 3336; x_wconf 85' lang='lat' dir='ltr'><strong>tur.</strong></span> <span class='ocrx_word' id='word_1_402' title='bbox 519 3276 672 3335; x_wconf 87' lang='lat' dir='ltr'><strong>Tum</strong></span> <span class='ocrx_word' id='word_1_403' title='bbox 701 3276 856 3355; x_wconf 68' lang='lat' dir='ltr'><strong>quod</strong></span> <span class='ocrx_word' id='word_1_404' title='bbox 882 3274 940 3334; x_wconf 84' lang='lat' dir='ltr'><strong>in</strong></span> <span class='ocrx_word' id='word_1_405' title='bbox 969 3286 1022 3335; x_wconf 88' lang='lat' dir='ltr'><strong>tr</strong></span> <span class='ocrx_word' id='word_1_406' title='bbox 1099 3276 1275 3345; x_wconf 74' lang='lat' dir='ltr'><strong>oedia,</strong></span> <span class='ocrx_word' id='word_1_407' title='bbox 1301 3276 1586 3357; x_wconf 86' lang='lat' dir='ltr'><strong>fugienda</strong></span> <span class='ocrx_word' id='word_1_408' title='bbox 1610 3280 1762 3348; x_wconf 81' lang='lat' dir='ltr'><strong>vita3</strong></span> <span class='ocrx_word' id='word_1_409' title='bbox 1798 3277 1857 3335; x_wconf 91' lang='lat' dir='ltr'><strong>in</strong></span> <span class='ocrx_word' id='word_1_410' title='bbox 1886 3276 2179 3337; x_wconf 68' lang='lat' dir='ltr'><strong>comoedia</strong></span> <span class='ocrx_word' id='word_1_411' title='bbox 2204 3277 2561 3355; x_wconf 84' lang='lat' dir='ltr'><strong>capessenda</strong></span> <span class='ocrx_word' id='word_1_412' title='bbox 2586 3280 2783 3357; x_wconf 83' lang='lat' dir='ltr'><strong>expri-</strong></span> 
     </span>
     <span class='ocr_line' id='line_1_39' title="bbox 305 3354 2783 3435; baseline 0.001 -20"><span class='ocrx_word' id='word_1_413' title='bbox 305 3356 514 3415; x_wconf 83' lang='lat' dir='ltr'><strong>mitur.</strong></span> <span class='ocrx_word' id='word_1_414' title='bbox 598 3354 902 3415; x_wconf 75' lang='lat' dir='ltr'><strong>Postremo</strong></span> <span class='ocrx_word' id='word_1_415' title='bbox 927 3375 1006 3435; x_wconf 90' lang='lat' dir='ltr'><strong>qu</strong></span> <span class='ocrx_word' id='word_1_416' title='bbox 1119 3356 1308 3415; x_wconf 83' lang='lat' dir='ltr'><strong>omnis</strong></span> <span class='ocrx_word' id='word_1_417' title='bbox 1334 3356 1627 3415; x_wconf 85' lang='lat' dir='ltr'><strong>comoedia</strong></span> <span class='ocrx_word' id='word_1_418' title='bbox 1652 3356 1727 3416; x_wconf 89' lang='lat' dir='ltr'><strong>de</strong></span> <span class='ocrx_word' id='word_1_419' title='bbox 1752 3354 1905 3415; x_wconf 82' lang='lat' dir='ltr'><strong>fictis</strong></span> <span class='ocrx_word' id='word_1_420' title='bbox 1922 3367 2014 3415; x_wconf 89' lang='lat' dir='ltr'><strong>est</strong></span> <span class='ocrx_word' id='word_1_421' title='bbox 2032 3354 2422 3435; x_wconf 83' lang='lat' dir='ltr'><strong>argumentis:</strong></span> <span class='ocrx_word' id='word_1_422' title='bbox 2466 3358 2783 3435; x_wconf 87' lang='lat' dir='ltr'><strong>Tragoedia</strong></span> 
     </span>
     <span class='ocr_line' id='line_1_40' title="bbox 303 3432 2782 3515; baseline 0.001 -21"><span class='ocrx_word' id='word_1_423' title='bbox 303 3452 472 3515; x_wconf 69' lang='lat' dir='ltr'><strong>nepe</strong></span> <span class='ocrx_word' id='word_1_424' title='bbox 497 3434 576 3493; x_wconf 88' lang='lat' dir='ltr'><strong>ab</strong></span> <span class='ocrx_word' id='word_1_425' title='bbox 603 3432 880 3493; x_wconf 67' lang='lat' dir='ltr'><strong>historica</strong></span> <span class='ocrx_word' id='word_1_426' title='bbox 906 3433 1023 3494; x_wconf 81' lang='lat' dir='ltr'><strong>fide</strong></span> <span class='ocrx_word' id='word_1_427' title='bbox 1049 3435 1292 3514; x_wconf 86' lang='lat' dir='ltr'><strong>petitur.</strong></span> <span class='ocrx_word' id='word_1_428' title='bbox 1388 3435 1619 3494; x_wconf 82' lang='lat' dir='ltr'><strong>Latinae</strong></span> <span class='ocrx_word' id='word_1_429' title='bbox 1654 3434 1869 3493; x_wconf 68' lang='lat' dir='ltr'><strong>fabula:</strong></span> <span class='ocrx_word' id='word_1_430' title='bbox 1911 3433 2099 3511; x_wconf 71' lang='lat' dir='ltr'><strong>primo</strong></span> <span class='ocrx_word' id='word_1_431' title='bbox 2142 3434 2181 3494; x_wconf 71' lang='lat' dir='ltr'><strong>a</strong></span> <span class='ocrx_word' id='word_1_432' title='bbox 2224 3433 2397 3495; x_wconf 79' lang='lat' dir='ltr'><strong>Livio</strong></span> <span class='ocrx_word' id='word_1_433' title='bbox 2452 3438 2782 3498; x_wconf 80' lang='lat' dir='ltr'><strong>Andronico</strong></span> 
     </span>
     <span class='ocr_line' id='line_1_41' title="bbox 304 3510 2783 3591; baseline 0.001 -20"><span class='ocrx_word' id='word_1_434' title='bbox 304 3513 554 3590; x_wconf 77' lang='lat' dir='ltr'><strong>acriptae</strong></span> <span class='ocrx_word' id='word_1_435' title='bbox 577 3523 736 3581; x_wconf 80' lang='lat' dir='ltr'><strong>aunt,</strong></span> <span class='ocrx_word' id='word_1_436' title='bbox 765 3512 902 3572; x_wconf 73' lang='lat' dir='ltr'><strong>cum</strong></span> <span class='ocrx_word' id='word_1_437' title='bbox 930 3514 1107 3572; x_wconf 86' lang='lat' dir='ltr'><strong>etiam</strong></span> <span class='ocrx_word' id='word_1_438' title='bbox 1134 3518 1262 3575; x_wconf 78' lang='lat' dir='ltr'><strong>tum</strong></span> <span class='ocrx_word' id='word_1_439' title='bbox 1291 3510 1366 3571; x_wconf 88' lang='lat' dir='ltr'><strong>ad</strong></span> <span class='ocrx_word' id='word_1_440' title='bbox 1394 3524 1613 3572; x_wconf 86' lang='lat' dir='ltr'><strong>cuncta</strong></span> <span class='ocrx_word' id='word_1_441' title='bbox 1640 3512 1994 3583; x_wconf 84' lang='lat' dir='ltr'><strong>recentibus,</strong></span> <span class='ocrx_word' id='word_1_442' title='bbox 2025 3513 2179 3571; x_wconf 80' lang='lat' dir='ltr'><strong>idern</strong></span> <span class='ocrx_word' id='word_1_443' title='bbox 2218 3525 2280 3572; x_wconf 89' lang='lat' dir='ltr'><strong>et</strong></span> <span class='ocrx_word' id='word_1_444' title='bbox 2306 3519 2483 3591; x_wconf 68' lang='lat' dir='ltr'><strong>poeta</strong></span> <span class='ocrx_word' id='word_1_445' title='bbox 2515 3526 2577 3573; x_wconf 88' lang='lat' dir='ltr'><strong>et</strong></span> <span class='ocrx_word' id='word_1_446' title='bbox 2616 3528 2783 3574; x_wconf 88' lang='lat' dir='ltr'><strong>actor</strong></span> 
     </span>
     <span class='ocr_line' id='line_1_42' title="bbox 301 3590 2785 3663; baseline 0 -13"><span class='ocrx_word' id='word_1_447' title='bbox 301 3590 646 3650; x_wconf 82' lang='lat' dir='ltr'><strong>fabularum</strong></span> <span class='ocrx_word' id='word_1_448' title='bbox 667 3609 904 3650; x_wconf 85' lang='lat' dir='ltr'><strong>suarum</strong></span> <span class='ocrx_word' id='word_1_449' title='bbox 929 3590 1155 3651; x_wconf 81' lang='lat' dir='ltr'><strong>fuisset.</strong></span> <span class='ocrx_word' id='word_1_450' title='bbox 1237 3590 1561 3651; x_wconf 82' lang='lat' dir='ltr'><strong>Comoediae</strong></span> <span class='ocrx_word' id='word_1_451' title='bbox 1586 3600 1781 3649; x_wconf 83' lang='lat' dir='ltr'><strong>autem</strong></span> <span class='ocrx_word' id='word_1_452' title='bbox 1805 3590 2067 3649; x_wconf 86' lang='lat' dir='ltr'><strong>motoriae</strong></span> <span class='ocrx_word' id='word_1_453' title='bbox 2088 3602 2245 3661; x_wconf 90' lang='lat' dir='ltr'><strong>sunt,</strong></span> <span class='ocrx_word' id='word_1_454' title='bbox 2263 3602 2365 3650; x_wconf 90' lang='lat' dir='ltr'><strong>aut</strong></span> <span class='ocrx_word' id='word_1_455' title='bbox 2384 3592 2659 3663; x_wconf 82' lang='lat' dir='ltr'><strong>statariae,</strong></span> <span class='ocrx_word' id='word_1_456' title='bbox 2680 3603 2785 3651; x_wconf 88' lang='lat' dir='ltr'><strong>aut</strong></span> 
     </span>
     <span class='ocr_line' id='line_1_43' title="bbox 304 3668 2784 3749; baseline 0 -21"><span class='ocrx_word' id='word_1_457' title='bbox 304 3668 526 3728; x_wconf 69' lang='lat' dir='ltr'><strong>miste.</strong></span> <span class='ocrx_word' id='word_1_458' title='bbox 606 3668 902 3740; x_wconf 84' lang='lat' dir='ltr'><strong>Motoriae,</strong></span> <span class='ocrx_word' id='word_1_459' title='bbox 933 3670 1322 3730; x_wconf 82' lang='lat' dir='ltr'><strong>turbulentae:</strong></span> <span class='ocrx_word' id='word_1_460' title='bbox 1351 3669 1628 3740; x_wconf 70' lang='lat' dir='ltr'><strong>statariae,</strong></span> <span class='ocrx_word' id='word_1_461' title='bbox 1650 3669 2004 3748; x_wconf 87' lang='lat' dir='ltr'><strong>quietiores:</strong></span> <span class='ocrx_word' id='word_1_462' title='bbox 2034 3669 2239 3739; x_wconf 85' lang='lat' dir='ltr'><strong>mistae,</strong></span> <span class='ocrx_word' id='word_1_463' title='bbox 2268 3688 2345 3728; x_wconf 84' lang='lat' dir='ltr'><strong>ex</strong></span> <span class='ocrx_word' id='word_1_464' title='bbox 2366 3682 2618 3749; x_wconf 83' lang='lat' dir='ltr'><strong>utroque</strong></span> <span class='ocrx_word' id='word_1_465' title='bbox 2642 3685 2784 3730; x_wconf 88' lang='lat' dir='ltr'><strong>actu</strong></span> 
     </span>
     <span class='ocr_line' id='line_1_44' title="bbox 305 3747 2784 3828; baseline 0 -21"><span class='ocrx_word' id='word_1_466' title='bbox 305 3748 725 3807; x_wconf 79' lang='lat' dir='ltr'><strong>consistentes.</strong></span> <span class='ocrx_word' id='word_1_467' title='bbox 803 3748 1110 3808; x_wconf 85' lang='lat' dir='ltr'><strong>Comoedia</strong></span> <span class='ocrx_word' id='word_1_468' title='bbox 1177 3768 1244 3807; x_wconf 88' lang='lat' dir='ltr'><strong>er</strong></span> <span class='ocrx_word' id='word_1_469' title='bbox 1269 3760 1524 3826; x_wconf 86' lang='lat' dir='ltr'><strong>quatuor</strong></span> <span class='ocrx_word' id='word_1_470' title='bbox 1558 3759 1755 3827; x_wconf 82' lang='lat' dir='ltr'><strong>partes</strong></span> <span class='ocrx_word' id='word_1_471' title='bbox 1794 3747 2092 3818; x_wconf 83' lang='lat' dir='ltr'><strong>dividitur,</strong></span> <span class='ocrx_word' id='word_1_472' title='bbox 2130 3747 2460 3826; x_wconf 85' lang='lat' dir='ltr'><strong>prologum,</strong></span> <span class='ocrx_word' id='word_1_473' title='bbox 2503 3749 2784 3828; x_wconf 85' lang='lat' dir='ltr'><strong>protasin,</strong></span> 
     </span>
     <span class='ocr_line' id='line_1_45' title="bbox 305 3824 2785 3906; baseline 0.002 -24"><span class='ocrx_word' id='word_1_474' title='bbox 305 3824 587 3903; x_wconf 79' lang='lat' dir='ltr'><strong>epitasin,</strong></span> <span class='ocrx_word' id='word_1_475' title='bbox 615 3827 1049 3906; x_wconf 83' lang='lat' dir='ltr'><strong>catastrophen.</strong></span> <span class='ocrx_word' id='word_1_476' title='bbox 1213 3826 1421 3905; x_wconf 85' lang='lat' dir='ltr'><strong>ologus</strong></span> <span class='ocrx_word' id='word_1_477' title='bbox 1448 3837 1543 3885; x_wconf 87' lang='lat' dir='ltr'><strong>est</strong></span> <span class='ocrx_word' id='word_1_478' title='bbox 1560 3827 1717 3885; x_wconf 83' lang='lat' dir='ltr'><strong>velut</strong></span> <span class='ocrx_word' id='word_1_479' title='bbox 1744 3826 2013 3905; x_wconf 79' lang='lat' dir='ltr'><strong>praefatio</strong></span> <span class='ocrx_word' id='word_1_480' title='bbox 2039 3825 2305 3905; x_wconf 84' lang='lat' dir='ltr'><strong>quoedam</strong></span> <span class='ocrx_word' id='word_1_481' title='bbox 2329 3825 2565 3895; x_wconf 74' lang='lat' dir='ltr'><strong>fabulae,</strong></span> <span class='ocrx_word' id='word_1_482' title='bbox 2585 3828 2641 3885; x_wconf 88' lang='lat' dir='ltr'><strong>in</strong></span> <span class='ocrx_word' id='word_1_483' title='bbox 2664 3846 2785 3905; x_wconf 91' lang='lat' dir='ltr'><strong>quo</strong></span> 
     </span>
     <span class='ocr_line' id='line_1_46' title="bbox 303 3902 2786 3985; baseline 0 -22"><span class='ocrx_word' id='word_1_484' title='bbox 303 3903 448 3963; x_wconf 79' lang='lat' dir='ltr'><strong>solo</strong></span> <span class='ocrx_word' id='word_1_485' title='bbox 471 3902 632 3973; x_wconf 86' lang='lat' dir='ltr'><strong>licet,</strong></span> <span class='ocrx_word' id='word_1_486' title='bbox 657 3916 874 3983; x_wconf 82' lang='lat' dir='ltr'><strong>proeter</strong></span> <span class='ocrx_word' id='word_1_487' title='bbox 900 3918 1334 3983; x_wconf 87' lang='lat' dir='ltr'><strong>argumentum,</strong></span> <span class='ocrx_word' id='word_1_488' title='bbox 1356 3904 1432 3964; x_wconf 89' lang='lat' dir='ltr'><strong>ali</strong></span> <span class='ocrx_word' id='word_1_489' title='bbox 1478 3904 1578 3963; x_wconf 88' lang='lat' dir='ltr'><strong>uid</strong></span> <span class='ocrx_word' id='word_1_490' title='bbox 1605 3904 1681 3964; x_wconf 89' lang='lat' dir='ltr'><strong>ad</strong></span> <span class='ocrx_word' id='word_1_491' title='bbox 1708 3922 1785 3984; x_wconf 91' lang='lat' dir='ltr'><strong>po</strong></span> <span class='ocrx_word' id='word_1_492' title='bbox 1830 3904 2012 3973; x_wconf 89' lang='lat' dir='ltr'><strong>ulum,</strong></span> <span class='ocrx_word' id='word_1_493' title='bbox 2034 3904 2125 3963; x_wconf 82' lang='lat' dir='ltr'><strong>vel</strong></span> <span class='ocrx_word' id='word_1_494' title='bbox 2154 3922 2231 3962; x_wconf 85' lang='lat' dir='ltr'><strong>ex</strong></span> <span class='ocrx_word' id='word_1_495' title='bbox 2260 3910 2467 3981; x_wconf 69' lang='lat' dir='ltr'><strong>poetae,</strong></span> <span class='ocrx_word' id='word_1_496' title='bbox 2489 3905 2579 3963; x_wconf 82' lang='lat' dir='ltr'><strong>vel</strong></span> <span class='ocrx_word' id='word_1_497' title='bbox 2600 3924 2678 3964; x_wconf 87' lang='lat' dir='ltr'><strong>ex</strong></span> <span class='ocrx_word' id='word_1_498' title='bbox 2695 3906 2786 3985; x_wconf 90' lang='lat' dir='ltr'><strong>ip-</strong></span> 
     </span>
     <span class='ocr_line' id='line_1_47' title="bbox 301 3978 2790 4061; baseline 0 -19"><span class='ocrx_word' id='word_1_499' title='bbox 301 3982 440 4042; x_wconf 84' lang='lat' dir='ltr'><strong>sius</strong></span> <span class='ocrx_word' id='word_1_500' title='bbox 466 3978 697 4050; x_wconf 83' lang='lat' dir='ltr'><strong>fabulae,</strong></span> <span class='ocrx_word' id='word_1_501' title='bbox 724 3984 816 4042; x_wconf 81' lang='lat' dir='ltr'><strong>vel</strong></span> <span class='ocrx_word' id='word_1_502' title='bbox 844 4002 924 4042; x_wconf 84' lang='lat' dir='ltr'><strong>ex</strong></span> <span class='ocrx_word' id='word_1_503' title='bbox 950 3984 1168 4043; x_wconf 85' lang='lat' dir='ltr'><strong>actoris</strong></span> <span class='ocrx_word' id='word_1_504' title='bbox 1193 4002 1425 4043; x_wconf 89' lang='lat' dir='ltr'><strong>commo</strong></span> <span class='ocrx_word' id='word_1_505' title='bbox 1471 4004 1507 4041; x_wconf 93' lang='lat' dir='ltr'><strong>o</strong></span> <span class='ocrx_word' id='word_1_506' title='bbox 1531 3984 1715 4061; x_wconf 77' lang='lat' dir='ltr'><strong>loqui.</strong></span> <span class='ocrx_word' id='word_1_507' title='bbox 1847 3981 2054 4041; x_wconf 85' lang='lat' dir='ltr'><strong>rotasis</strong></span> <span class='ocrx_word' id='word_1_508' title='bbox 2076 3982 2296 4061; x_wconf 87' lang='lat' dir='ltr'><strong>primus</strong></span> <span class='ocrx_word' id='word_1_509' title='bbox 2317 3994 2406 4041; x_wconf 84' lang='lat' dir='ltr'><strong>est</strong></span> <span class='ocrx_word' id='word_1_510' title='bbox 2427 3994 2613 4051; x_wconf 72' lang='lat' dir='ltr'><strong>actua,</strong></span> <span class='ocrx_word' id='word_1_511' title='bbox 2633 3983 2790 4043; x_wconf 90' lang='lat' dir='ltr'><strong>initi-</strong></span> 
     </span>
     <span class='ocr_line' id='line_1_48' title="bbox 301 4059 2787 4141; baseline -0 -21"><span class='ocrx_word' id='word_1_512' title='bbox 301 4068 556 4139; x_wconf 73' lang='lat' dir='ltr'><strong>umque·</strong></span> <span class='ocrx_word' id='word_1_513' title='bbox 569 4059 864 4121; x_wconf 71' lang='lat' dir='ltr'><strong>dramatis.</strong></span> <span class='ocrx_word' id='word_1_514' title='bbox 944 4062 1204 4141; x_wconf 69' lang='lat' dir='ltr'><strong>Epitasit</strong></span> <span class='ocrx_word' id='word_1_515' title='bbox 1223 4063 1651 4121; x_wconf 86' lang='lat' dir='ltr'><strong>incrementum</strong></span> <span class='ocrx_word' id='word_1_516' title='bbox 1718 4078 2105 4140; x_wconf 85' lang='lat' dir='ltr'><strong>rocessusque</strong></span> <span class='ocrx_word' id='word_1_517' title='bbox 2126 4062 2429 4120; x_wconf 87' lang='lat' dir='ltr'><strong>turbarum</strong></span> <span class='ocrx_word' id='word_1_518' title='bbox 2448 4066 2477 4116; x_wconf 83' lang='lat'><strong>:&#39;</strong></span> <span class='ocrx_word' id='word_1_519' title='bbox 2494 4079 2564 4120; x_wconf 90' lang='lat' dir='ltr'><strong>ac</strong></span> <span class='ocrx_word' id='word_1_520' title='bbox 2586 4062 2787 4132; x_wconf 66' lang='lat' dir='ltr'><strong>t‘otiuS,</strong></span> 
     </span>
     <span class='ocr_line' id='line_1_49' title="bbox 297 4136 2789 4219; baseline -0.002 -20"><span class='ocrx_word' id='word_1_521' title='bbox 297 4148 378 4199; x_wconf 76' lang='lat' dir='ltr'><strong>ut</strong></span> <span class='ocrx_word' id='word_1_522' title='bbox 404 4138 502 4198; x_wconf 68' lang='lat' dir='ltr'><strong>ita</strong></span> <span class='ocrx_word' id='word_1_523' title='bbox 519 4136 791 4208; x_wconf 63' lang='lat' dir='ltr'><strong>dixerim,</strong></span> <span class='ocrx_word' id='word_1_524' title='bbox 817 4150 1010 4200; x_wconf 85' lang='lat' dir='ltr'><strong>motus</strong></span> <span class='ocrx_word' id='word_1_525' title='bbox 1036 4140 1267 4200; x_wconf 73' lang='lat' dir='ltr'><strong>erroris.</strong></span> <span class='ocrx_word' id='word_1_526' title='bbox 1353 4141 1669 4219; x_wconf 77' lang='lat' dir='ltr'><strong>catastrop</strong></span> <span class='ocrx_word' id='word_1_527' title='bbox 1710 4158 1765 4209; x_wconf 88' lang='lat' dir='ltr'><strong>e,</strong></span> <span class='ocrx_word' id='word_1_528' title='bbox 1790 4139 2099 4199; x_wconf 78' lang='lat' dir='ltr'><strong>conversio</strong></span> <span class='ocrx_word' id='word_1_529' title='bbox 2124 4157 2319 4200; x_wconf 83' lang='lat' dir='ltr'><strong>rerum</strong></span> <span class='ocrx_word' id='word_1_530' title='bbox 2348 4150 2441 4199; x_wconf 81' lang='lat' dir='ltr'><strong>est</strong></span> <span class='ocrx_word' id='word_1_531' title='bbox 2464 4139 2540 4199; x_wconf 88' lang='lat' dir='ltr'><strong>ad</strong></span> <span class='ocrx_word' id='word_1_532' title='bbox 2572 4142 2789 4217; x_wconf 87' lang='lat' dir='ltr'><strong>jucun·</strong></span> 
     </span>
     <span class='ocr_line' id='line_1_50' title="bbox 295 4216 1977 4297; baseline -0.002 -19"><span class='ocrx_word' id='word_1_533' title='bbox 295 4216 673 4288; x_wconf 46' lang='lat' dir='ltr'><strong>deventus,</strong></span> <span class='ocrx_word' id='word_1_534' title='bbox 701 4219 997 4296; x_wconf 54' lang='lat' dir='ltr'><strong>potamos</strong></span> <span class='ocrx_word' id='word_1_535' title='bbox 1022 4218 1252 4280; x_wconf 77' lang='lat' dir='ltr'><strong>cunctis</strong></span> <span class='ocrx_word' id='word_1_536' title='bbox 1285 4218 1629 4297; x_wconf 84' lang='lat' dir='ltr'><strong>cognitione</strong></span> <span class='ocrx_word' id='word_1_537' title='bbox 1654 4228 1977 4297; x_wconf 78' lang='lat' dir='ltr'><strong>gestorum.</strong></span> 
     </span>
    </p>
   </div>
   <div class='ocr_carea' id='block_1_3' title="bbox 1163 4355 1969 4380">
    <p class='ocr_par' dir='ltr' id='par_1_3' title="bbox 1163 4355 1969 4380">
     <span class='ocr_line' id='line_1_51' title="bbox 1163 4355 1969 4380; baseline 0 0"><span class='ocrx_word' id='word_1_538' title='bbox 1163 4355 1969 4380; x_wconf 95' lang='lat' dir='ltr'><strong> </strong></span> 
     </span>
    </p>
   </div>
   <div class='ocr_carea' id='block_1_4' title="bbox 989 4438 2111 4507">
    <p class='ocr_par' dir='ltr' id='par_1_4' title="bbox 989 4438 2111 4507">
     <span class='ocr_line' id='line_1_52' title="bbox 989 4438 2111 4507; baseline -0.004 0"><span class='ocrx_word' id='word_1_539' title='bbox 989 4439 1367 4507; x_wconf 86' lang='lat' dir='ltr'>DONATI</span> <span class='ocrx_word' id='word_1_540' title='bbox 1416 4438 2111 4506; x_wconf 79' lang='lat' dir='ltr'>FRAGMENTUM</span> 
     </span>
    </p>
   </div>
   <div class='ocr_carea' id='block_1_5' title="bbox 325 4534 2811 4731">
    <p class='ocr_par' dir='ltr' id='par_1_5' title="bbox 325 4534 2811 4731">
     <span class='ocr_line' id='line_1_53' title="bbox 821 4534 2811 4613; baseline -0.01 -11"><span class='ocrx_word' id='word_1_541' title='bbox 821 4538 952 4602; x_wconf 78' lang='lat' dir='ltr'><strong>DE</strong></span> <span class='ocrx_word' id='word_1_542' title='bbox 1013 4540 1500 4602; x_wconf 70' lang='lat' dir='ltr'><strong>COMOEDIA·</strong></span> <span class='ocrx_word' id='word_1_543' title='bbox 1559 4537 1683 4601; x_wconf 82' lang='lat' dir='ltr'><strong>ET</strong></span> <span class='ocrx_word' id='word_1_544' title='bbox 1740 4534 2301 4598; x_wconf 80' lang='lat' dir='ltr'><strong>TRAGOEDIA.</strong></span> <span class='ocrx_word' id='word_1_545' title='bbox 2487 4596 2501 4613; x_wconf 89' lang='lat'><strong>.</strong></span> <span class='ocrx_word' id='word_1_546' title='bbox 2542 4597 2557 4611; x_wconf 47' lang='lat'><strong>·</strong></span> <span class='ocrx_word' id='word_1_547' title='bbox 2584 4594 2603 4613; x_wconf 47' lang='lat'><strong>·</strong></span> <span class='ocrx_word' id='word_1_548' title='bbox 2804 4604 2811 4613; x_wconf 32' lang='lat'><strong>·</strong></span> 
     </span>
     <span class='ocr_line' id='line_1_54' title="bbox 325 4598 2797 4731; baseline -0.013 -41"><span class='ocrx_word' id='word_1_549' title='bbox 325 4634 344 4645; x_wconf 71' lang='lat'><em>⁶</em></span> <span class='ocrx_word' id='word_1_550' title='bbox 377 4622 734 4689; x_wconf 63' lang='lat' dir='ltr'><strong>Goffoema</strong></span> <span class='ocrx_word' id='word_1_551' title='bbox 760 4628 858 4685; x_wconf 70' lang='lat' dir='ltr'><strong>est·</strong></span> <span class='ocrx_word' id='word_1_552' title='bbox 873 4620 1092 4697; x_wconf 81' lang='lat' dir='ltr'><strong>fabula,</strong></span> <span class='ocrx_word' id='word_1_553' title='bbox 1116 4618 1629 4683; x_wconf 47' lang='lat' dir='ltr'><strong>differsairrstituta</strong></span> <span class='ocrx_word' id='word_1_554' title='bbox 1651 4620 1978 4690; x_wconf 81' lang='lat' dir='ltr'><strong>continens,</strong></span> <span class='ocrx_word' id='word_1_555' title='bbox 1997 4598 2703 4731; x_wconf 55' lang='lat' dir='ltr'><strong>affectuumque21v2111um</strong></span> <span class='ocrx_word' id='word_1_556' title='bbox 2724 4614 2797 4659; x_wconf 84' lang='lat' dir='ltr'><strong>ac</strong></span> 
     </span>
    </p>
   </div>
  </div>
 </body>
</html>
