<?xml version="1.0" encoding="UTF-8"?>
<!DOCTYPE html PUBLIC "-//W3C//DTD XHTML 1.0 Transitional//EN"
    "http://www.w3.org/TR/xhtml1/DTD/xhtml1-transitional.dtd">
<html xmlns="http://www.w3.org/1999/xhtml" xml:lang="en" lang="en">
 <head>
  <title>
</title>
<meta http-equiv="Content-Type" content="text/html;charset=utf-8" />
  <meta name='ocr-system' content='tesseract 3.04.00' />
  <meta name='ocr-capabilities' content='ocr_page ocr_carea ocr_par ocr_line ocrx_word'/>
</head>
<body>
  <div class='ocr_page' id='page_1' title='image "./comdisex00unkngoog_0104.png"; bbox 0 0 3067 4959; ppageno 0'>
   <div class='ocr_carea' id='block_1_1' title="bbox 293 214 1908 335">
    <p class='ocr_par' dir='ltr' id='par_1_1' title="bbox 293 214 1908 335">
     <span class='ocr_line' id='line_1_1' title="bbox 293 214 1908 335; baseline -0.001 -24"><span class='ocrx_word' id='word_1_1' title='bbox 293 246 439 335; x_wconf 67' lang='lat' dir='ltr'><strong>xciy</strong></span> <span class='ocrx_word' id='word_1_2' title='bbox 1040 214 1054 225; x_wconf 83' lang='grc'><strong><em>’</em></strong></span> <span class='ocrx_word' id='word_1_3' title='bbox 1176 242 1908 327; x_wconf 78' lang='lat' dir='ltr'><strong>,PROLEGOMENA</strong></span> 
     </span>
    </p>
   </div>
   <div class='ocr_carea' id='block_1_2' title="bbox 282 398 2840 4737">
    <p class='ocr_par' dir='ltr' id='par_1_2' title="bbox 282 398 2820 1095">
     <span class='ocr_line' id='line_1_2' title="bbox 300 398 2786 484; baseline -0.004 -19"><span class='ocrx_word' id='word_1_4' title='bbox 300 403 751 467; x_wconf 80' lang='lat' dir='ltr'><strong>innumerabilia·</strong></span> <span class='ocrx_word' id='word_1_5' title='bbox 768 404 831 463; x_wconf 89' lang='lat' dir='ltr'><strong>in</strong></span> <span class='ocrx_word' id='word_1_6' title='bbox 858 405 1101 467; x_wconf 85' lang='lat' dir='ltr'><strong>comicis</strong></span> <span class='ocrx_word' id='word_1_7' title='bbox 1129 416 1189 465; x_wconf 89' lang='lat' dir='ltr'><strong>et</strong></span> <span class='ocrx_word' id='word_1_8' title='bbox 1216 403 1455 484; x_wconf 76' lang='lat' dir='ltr'><strong>tragicis</strong></span> <span class='ocrx_word' id='word_1_9' title='bbox 1480 403 1757 484; x_wconf 85' lang='lat' dir='ltr'><strong>antiquis.</strong></span> <span class='ocrx_word' id='word_1_10' title='bbox 1839 402 2000 471; x_wconf 83' lang='lat' dir='ltr'><strong>Quin</strong></span> <span class='ocrx_word' id='word_1_11' title='bbox 2027 412 2090 463; x_wconf 84' lang='lat' dir='ltr'><strong>et</strong></span> <span class='ocrx_word' id='word_1_12' title='bbox 2113 400 2274 481; x_wconf 77' lang='lat' dir='ltr'><strong>apud</strong></span> <span class='ocrx_word' id='word_1_13' title='bbox 2303 398 2619 478; x_wconf 72' lang='lat' dir='ltr'>Virgilium</span> <span class='ocrx_word' id='word_1_14' title='bbox 2647 398 2786 457; x_wconf 81' lang='lat' dir='ltr'><strong>dili·</strong></span> 
     </span>
     <span class='ocr_line' id='line_1_3' title="bbox 298 478 2780 563; baseline -0.003 -21"><span class='ocrx_word' id='word_1_15' title='bbox 298 482 703 563; x_wconf 85' lang='lat' dir='ltr'><strong>gentissimum</strong></span> <span class='ocrx_word' id='word_1_16' title='bbox 732 484 1017 561; x_wconf 81' lang='lat' dir='ltr'>scriptore</span> <span class='ocrx_word' id='word_1_17' title='bbox 1046 484 1287 562; x_wconf 69' lang='lat' dir='ltr'><strong>mle-gas,</strong></span> <span class='ocrx_word' id='word_1_18' title='bbox 1314 485 1500 561; x_wconf 75' lang='lat' dir='ltr'><strong>aspris</strong></span> <span class='ocrx_word' id='word_1_19' title='bbox 1522 502 1631 560; x_wconf 85' lang='lat' dir='ltr'><strong>pro</strong></span> <span class='ocrx_word' id='word_1_20' title='bbox 1657 483 1875 562; x_wconf 76' lang='lat' dir='ltr'><strong>asperis</strong></span> <span class='ocrx_word' id='word_1_21' title='bbox 1891 508 1917 550; x_wconf 83' lang='lat'><strong>‚-</strong></span> <span class='ocrx_word' id='word_1_22' title='bbox 1947 491 2246 542; x_wconf 76' lang='lat' dir='ltr'><strong>semustum</strong></span> <span class='ocrx_word' id='word_1_23' title='bbox 2275 500 2382 559; x_wconf 81' lang='lat' dir='ltr'><strong>pro</strong></span> <span class='ocrx_word' id='word_1_24' title='bbox 2409 478 2739 539; x_wconf 73' lang='lat' dir='ltr'><strong>semiustum</strong></span> <span class='ocrx_word' id='word_1_25' title='bbox 2751 502 2780 547; x_wconf 82' lang='lat'><strong>‚-</strong></span> 
     </span>
     <span class='ocr_line' id='line_1_4' title="bbox 300 554 2780 651; baseline -0.003 -28"><span class='ocrx_word' id='word_1_26' title='bbox 300 561 500 623; x_wconf 76' lang='lat' dir='ltr'><strong>vinclis</strong></span> <span class='ocrx_word' id='word_1_27' title='bbox 525 582 633 640; x_wconf 87' lang='lat' dir='ltr'><strong>pro</strong></span> <span class='ocrx_word' id='word_1_28' title='bbox 660 562 897 622; x_wconf 75' lang='lat' dir='ltr'><strong>vinculis</strong></span> <span class='ocrx_word' id='word_1_29' title='bbox 917 587 944 633; x_wconf 80' lang='lat'><strong>,-</strong></span> <span class='ocrx_word' id='word_1_30' title='bbox 988 562 1237 623; x_wconf 79' lang='lat' dir='ltr'><strong>oraclum</strong></span> <span class='ocrx_word' id='word_1_31' title='bbox 1280 581 1389 639; x_wconf 85' lang='lat' dir='ltr'><strong>pro</strong></span> <span class='ocrx_word' id='word_1_32' title='bbox 1428 562 1718 621; x_wconf 76' lang='lat' dir='ltr'><strong>oraculum</strong></span> <span class='ocrx_word' id='word_1_33' title='bbox 1735 586 1763 629; x_wconf 83' lang='lat'><strong>,-</strong></span> <span class='ocrx_word' id='word_1_34' title='bbox 1799 559 2146 651; x_wconf 76' lang='lat' dir='ltr'><em>gubernaclo</em></span> <span class='ocrx_word' id='word_1_35' title='bbox 2192 578 2302 637; x_wconf 84' lang='lat' dir='ltr'><strong>pro</strong></span> <span class='ocrx_word' id='word_1_36' title='bbox 2339 554 2734 637; x_wconf 72' lang='lat' dir='ltr'><strong>gubernaculo</strong></span> <span class='ocrx_word' id='word_1_37' title='bbox 2749 581 2780 625; x_wconf 83' lang='lat'><strong>‚-</strong></span> 
     </span>
     <span class='ocr_line' id='line_1_5' title="bbox 300 632 2820 719; baseline -0.004 -18"><span class='ocrx_word' id='word_1_38' title='bbox 300 639 501 701; x_wconf 77' lang='lat' dir='ltr'><em>circlos</em></span> <span class='ocrx_word' id='word_1_39' title='bbox 544 660 648 719; x_wconf 88' lang='lat' dir='ltr'><strong>pro</strong></span> <span class='ocrx_word' id='word_1_40' title='bbox 688 639 927 701; x_wconf 75' lang='lat' dir='ltr'><strong>circulos</strong></span> <span class='ocrx_word' id='word_1_41' title='bbox 950 666 974 709; x_wconf 88' lang='lat'><strong>,-</strong></span> <span class='ocrx_word' id='word_1_42' title='bbox 1020 654 1083 699; x_wconf 89' lang='lat' dir='ltr'><strong>et</strong></span> <span class='ocrx_word' id='word_1_43' title='bbox 1106 640 1371 719; x_wconf 76' lang='lat' dir='ltr'><strong>maniplis</strong></span> <span class='ocrx_word' id='word_1_44' title='bbox 1398 659 1505 716; x_wconf 86' lang='lat' dir='ltr'><strong>pro</strong></span> <span class='ocrx_word' id='word_1_45' title='bbox 1530 639 1853 717; x_wconf 69' lang='lat' dir='ltr'><strong>manipulas.</strong></span> <span class='ocrx_word' id='word_1_46' title='bbox 1937 642 2034 698; x_wconf 86' lang='lat' dir='ltr'><strong>Ac</strong></span> <span class='ocrx_word' id='word_1_47' title='bbox 2060 637 2110 697; x_wconf 85' lang='lat' dir='ltr'><strong>si</strong></span> <span class='ocrx_word' id='word_1_48' title='bbox 2137 638 2388 696; x_wconf 77' lang='lat' dir='ltr'>elidatur</span> <span class='ocrx_word' id='word_1_49' title='bbox 2411 658 2440 695; x_wconf 77' lang='lat' dir='ltr'><strong>s</strong></span> <span class='ocrx_word' id='word_1_50' title='bbox 2469 634 2530 692; x_wconf 89' lang='lat' dir='ltr'><strong>in</strong></span> <span class='ocrx_word' id='word_1_51' title='bbox 2557 632 2779 703; x_wconf 69' lang='lat' dir='ltr'><strong>tibrim,</strong></span> <span class='ocrx_word' id='word_1_52' title='bbox 2812 689 2820 693; x_wconf 88' lang='lat'><strong>.</strong></span> 
     </span>
     <span class='ocr_line' id='line_1_6' title="bbox 304 713 2781 798; baseline -0.002 -22"><span class='ocrx_word' id='word_1_53' title='bbox 304 716 463 798; x_wconf 88' lang='lat' dir='ltr'><strong>quod</strong></span> <span class='ocrx_word' id='word_1_54' title='bbox 492 720 627 778; x_wconf 88' lang='lat' dir='ltr'><strong>olim</strong></span> <span class='ocrx_word' id='word_1_55' title='bbox 656 718 855 787; x_wconf 82' lang='lat' dir='ltr'><strong>fiebat,</strong></span> <span class='ocrx_word' id='word_1_56' title='bbox 884 720 996 778; x_wconf 87' lang='lat' dir='ltr'><strong>erit</strong></span> <span class='ocrx_word' id='word_1_57' title='bbox 1023 719 1251 777; x_wconf 73' lang='lat' dir='ltr'><strong>tantum</strong></span> <span class='ocrx_word' id='word_1_58' title='bbox 1282 719 1554 795; x_wconf 87' lang='lat' dir='ltr'><strong>dactylus</strong></span> <span class='ocrx_word' id='word_1_59' title='bbox 1581 718 1790 778; x_wconf 78' lang='lat' dir='ltr'><strong>lihriu’.</strong></span> <span class='ocrx_word' id='word_1_60' title='bbox 1877 719 1959 775; x_wconf 82' lang='lat' dir='ltr'><strong>At</strong></span> <span class='ocrx_word' id='word_1_61' title='bbox 1999 716 2144 775; x_wconf 90' lang='lat' dir='ltr'><strong>illud</strong></span> <span class='ocrx_word' id='word_1_62' title='bbox 2157 716 2296 793; x_wconf 72' lang='lat' dir='ltr'><strong>ficit</strong></span> <span class='ocrx_word' id='word_1_63' title='bbox 2336 713 2448 774; x_wconf 84' lang='lat' dir='ltr'><strong>erit</strong></span> <span class='ocrx_word' id='word_1_64' title='bbox 2478 713 2781 789; x_wconf 77' lang='lat' dir='ltr'><strong>monosyl-</strong></span> 
     </span>
     <span class='ocr_line' id='line_1_7' title="bbox 302 790 2780 874; baseline -0.002 -19"><span class='ocrx_word' id='word_1_65' title='bbox 302 798 499 855; x_wconf 82' lang='lat' dir='ltr'><strong>labum</strong></span> <span class='ocrx_word' id='word_1_66' title='bbox 523 820 542 866; x_wconf 71' lang='lat'>5</span> <span class='ocrx_word' id='word_1_67' title='bbox 572 798 731 874; x_wconf 86' lang='lat' dir='ltr'><strong>quod</strong></span> <span class='ocrx_word' id='word_1_68' title='bbox 762 810 820 854; x_wconf 87' lang='lat' dir='ltr'><strong>et</strong></span> <span class='ocrx_word' id='word_1_69' title='bbox 850 816 1049 854; x_wconf 79' lang='lat' dir='ltr'><strong>verum</strong></span> <span class='ocrx_word' id='word_1_70' title='bbox 1081 816 1209 855; x_wconf 87' lang='lat' dir='ltr'><strong>esse</strong></span> <span class='ocrx_word' id='word_1_71' title='bbox 1239 798 1530 856; x_wconf 88' lang='lat' dir='ltr'><strong>interdum</strong></span> <span class='ocrx_word' id='word_1_72' title='bbox 1559 797 1703 855; x_wconf 89' lang='lat' dir='ltr'><strong>scio.</strong></span> <span class='ocrx_word' id='word_1_73' title='bbox 1784 796 1958 854; x_wconf 87' lang='lat' dir='ltr'><strong>Tunc</strong></span> <span class='ocrx_word' id='word_1_74' title='bbox 1987 794 2244 853; x_wconf 85' lang='lat' dir='ltr'><strong>creticus</strong></span> <span class='ocrx_word' id='word_1_75' title='bbox 2271 793 2552 852; x_wconf 83' lang='lat' dir='ltr'><strong>exclusus</strong></span> <span class='ocrx_word' id='word_1_76' title='bbox 2580 790 2780 850; x_wconf 83' lang='lat' dir='ltr'><strong>fuerit.</strong></span> 
     </span>
     <span class='ocr_line' id='line_1_8' title="bbox 282 875 1794 954; baseline -0.003 -20"><span class='ocrx_word' id='word_1_77' title='bbox 282 876 469 951; x_wconf 81' lang='lat' dir='ltr'><strong>·Ergo</strong></span> <span class='ocrx_word' id='word_1_78' title='bbox 498 889 790 954; x_wconf 60' lang='lat' dir='ltr'><strong>quaeratur</strong></span> <span class='ocrx_word' id='word_1_79' title='bbox 816 875 999 941; x_wconf 84' lang='lat' dir='ltr'><strong>aliud,</strong></span> <span class='ocrx_word' id='word_1_80' title='bbox 1026 888 1087 934; x_wconf 89' lang='lat' dir='ltr'><strong>et</strong></span> <span class='ocrx_word' id='word_1_81' title='bbox 1114 875 1273 933; x_wconf 88' lang='lat' dir='ltr'><strong>aliud</strong></span> <span class='ocrx_word' id='word_1_82' title='bbox 1300 875 1493 935; x_wconf 86' lang='lat' dir='ltr'><strong>etiam.</strong></span> <span class='ocrx_word' id='word_1_83' title='bbox 1785 876 1794 881; x_wconf 84' lang='lat'>&#39;</span> 
     </span>
     <span class='ocr_line' id='line_1_9' title="bbox 386 956 620 1015; baseline -0.009 -2"><span class='ocrx_word' id='word_1_84' title='bbox 386 956 467 1013; x_wconf 86' lang='lat' dir='ltr'><strong>Pa</strong></span> <span class='ocrx_word' id='word_1_85' title='bbox 516 997 529 1011; x_wconf 94' lang='lat'><strong>.</strong></span> <span class='ocrx_word' id='word_1_86' title='bbox 561 960 620 1015; x_wconf 90' lang='lat'><strong>9.</strong></span> 
     </span>
     <span class='ocr_line' id='line_1_10' title="bbox 470 976 1896 1095; baseline -0.001 -15"><span class='ocrx_word' id='word_1_87' title='bbox 470 976 511 1033; x_wconf 78' lang='lat' dir='ltr'>g</span> <span class='ocrx_word' id='word_1_88' title='bbox 566 1034 659 1080; x_wconf 85' lang='lat' dir='ltr'><strong>Pro</strong></span> <span class='ocrx_word' id='word_1_89' title='bbox 682 1047 824 1080; x_wconf 82' lang='lat' dir='ltr'><strong>uxore</strong></span> <span class='ocrx_word' id='word_1_90' title='bbox 846 1034 1007 1081; x_wconf 85' lang='lat' dir='ltr'><strong>habere</strong></span> <span class='ocrx_word' id='word_1_91' title='bbox 1028 1034 1142 1079; x_wconf 81' lang='lat' dir='ltr'><strong>banc</strong></span> <span class='ocrx_word' id='word_1_92' title='bbox 1164 1032 1460 1095; x_wconf 79' lang='lat' dir='ltr'><strong>peregrinam.</strong></span> <span class='ocrx_word' id='word_1_93' title='bbox 1484 1048 1574 1095; x_wconf 70' lang='lat' dir='ltr'><strong>ego</strong></span> <span class='ocrx_word' id='word_1_94' title='bbox 1597 1032 1702 1079; x_wconf 83' lang='lat' dir='ltr'><strong>illud</strong></span> <span class='ocrx_word' id='word_1_95' title='bbox 1727 1030 1896 1079; x_wconf 62' lang='lat' dir='ltr'><strong>seduli&gt;-</strong></span> 
     </span>
    </p>

    <p class='ocr_par' dir='ltr' id='par_1_3' title="bbox 306 1090 2776 1253">
     <span class='ocr_line' id='line_1_11' title="bbox 306 1090 2776 1186; baseline -0.003 -30"><span class='ocrx_word' id='word_1_96' title='bbox 306 1094 821 1156; x_wconf 82' lang='lat' dir='ltr'><strong>Manifestissimus</strong></span> <span class='ocrx_word' id='word_1_97' title='bbox 864 1118 991 1156; x_wconf 80' lang='lat' dir='ltr'><strong>esse</strong></span> <span class='ocrx_word' id='word_1_98' title='bbox 1036 1096 1265 1155; x_wconf 87' lang='lat' dir='ltr'><strong>videtur</strong></span> <span class='ocrx_word' id='word_1_99' title='bbox 1313 1096 1569 1155; x_wconf 79' lang='lat' dir='ltr'><strong>creticus</strong></span> <span class='ocrx_word' id='word_1_100' title='bbox 1597 1097 1654 1153; x_wconf 89' lang='lat' dir='ltr'><strong>in</strong></span> <span class='ocrx_word' id='word_1_101' title='bbox 1688 1096 1845 1186; x_wconf 74' lang='lat' dir='ltr'><strong>grin’</strong></span> <span class='ocrx_word' id='word_1_102' title='bbox 1875 1094 1980 1186; x_wconf 80' lang='lat' dir='ltr'>eg&#39;,</span> <span class='ocrx_word' id='word_1_103' title='bbox 2011 1093 2118 1159; x_wconf 78' lang='lat' dir='ltr'><strong>il’;</strong></span> <span class='ocrx_word' id='word_1_104' title='bbox 2149 1093 2256 1153; x_wconf 81' lang='lat' dir='ltr'><strong>scd</strong></span> <span class='ocrx_word' id='word_1_105' title='bbox 2283 1094 2341 1151; x_wconf 89' lang='lat' dir='ltr'><strong>in</strong></span> <span class='ocrx_word' id='word_1_106' title='bbox 2367 1091 2488 1161; x_wconf 82' lang='lat' dir='ltr'><strong>ille,</strong></span> <span class='ocrx_word' id='word_1_107' title='bbox 2514 1090 2638 1162; x_wconf 75' lang='lat' dir='ltr'><strong>illa,</strong></span> <span class='ocrx_word' id='word_1_108' title='bbox 2669 1094 2776 1150; x_wconf 77' lang='lat' dir='ltr'><strong>&amp;c-</strong></span> 
     </span>
     <span class='ocr_line' id='line_1_12' title="bbox 308 1174 2012 1253; baseline -0.004 -19"><span class='ocrx_word' id='word_1_109' title='bbox 308 1176 442 1234; x_wconf 88' lang='lat' dir='ltr'><strong>olim</strong></span> <span class='ocrx_word' id='word_1_110' title='bbox 473 1174 631 1253; x_wconf 86' lang='lat' dir='ltr'><strong>prior</strong></span> <span class='ocrx_word' id='word_1_111' title='bbox 657 1175 879 1253; x_wconf 76' lang='lat' dir='ltr'>syllaba</span> <span class='ocrx_word' id='word_1_112' title='bbox 906 1188 1032 1233; x_wconf 88' lang='lat' dir='ltr'><strong>erat</strong></span> <span class='ocrx_word' id='word_1_113' title='bbox 1060 1176 1420 1243; x_wconf 84' lang='lat' dir='ltr'><strong>communis;</strong></span> <span class='ocrx_word' id='word_1_114' title='bbox 1460 1194 1581 1253; x_wconf 90' lang='lat' dir='ltr'><strong>quo</strong></span> <span class='ocrx_word' id='word_1_115' title='bbox 1609 1174 1747 1231; x_wconf 72' lang='lat' dir='ltr'><strong>nihil</strong></span> <span class='ocrx_word' id='word_1_116' title='bbox 1777 1187 2012 1233; x_wconf 77' lang='lat' dir='ltr'><strong>certius.</strong></span> 
     </span>
    </p>

    <p class='ocr_par' dir='ltr' id='par_1_4' title="bbox 390 1254 659 1313">
     <span class='ocr_line' id='line_1_13' title="bbox 390 1254 659 1313; baseline -0.015 0"><span class='ocrx_word' id='word_1_117' title='bbox 390 1254 470 1313; x_wconf 83' lang='lat' dir='ltr'><strong>Pa</strong></span> <span class='ocrx_word' id='word_1_118' title='bbox 518 1294 535 1311; x_wconf 92' lang='lat'><strong>.</strong></span> <span class='ocrx_word' id='word_1_119' title='bbox 566 1258 659 1313; x_wconf 89' lang='lat'><strong>10.</strong></span> 
     </span>
    </p>

    <p class='ocr_par' dir='ltr' id='par_1_5' title="bbox 306 1276 2780 1631">
     <span class='ocr_line' id='line_1_14' title="bbox 474 1276 1942 1395; baseline 0 -16"><span class='ocrx_word' id='word_1_120' title='bbox 474 1276 515 1332; x_wconf 76' lang='lat' dir='ltr'>g</span> <span class='ocrx_word' id='word_1_121' title='bbox 566 1330 707 1379; x_wconf 83' lang='lat' dir='ltr'><strong>Nunc</strong></span> <span class='ocrx_word' id='word_1_122' title='bbox 727 1340 856 1379; x_wconf 85' lang='lat' dir='ltr'><strong>tuum</strong></span> <span class='ocrx_word' id='word_1_123' title='bbox 879 1339 951 1379; x_wconf 80' lang='lat' dir='ltr'><strong>est</strong></span> <span class='ocrx_word' id='word_1_124' title='bbox 972 1332 1165 1379; x_wconf 84' lang='lat' dir='ltr'><strong>officium</strong></span> <span class='ocrx_word' id='word_1_125' title='bbox 1189 1332 1269 1377; x_wconf 78' lang='lat' dir='ltr'><strong>bas</strong></span> <span class='ocrx_word' id='word_1_126' title='bbox 1288 1332 1402 1379; x_wconf 82' lang='lat' dir='ltr'><strong>bene</strong></span> <span class='ocrx_word' id='word_1_127' title='bbox 1426 1340 1476 1378; x_wconf 85' lang='lat' dir='ltr'><strong>ut</strong></span> <span class='ocrx_word' id='word_1_128' title='bbox 1495 1330 1728 1379; x_wconf 69' lang='lat' dir='ltr'><strong>assimule-</strong></span> <span class='ocrx_word' id='word_1_129' title='bbox 1751 1332 1942 1395; x_wconf 81' lang='lat' dir='ltr'><strong>nuptias.</strong></span> 
     </span>
     <span class='ocr_line' id='line_1_15' title="bbox 312 1390 2778 1475; baseline -0.001 -22"><span class='ocrx_word' id='word_1_130' title='bbox 312 1394 421 1453; x_wconf 86' lang='lat' dir='ltr'><strong>Est</strong></span> <span class='ocrx_word' id='word_1_131' title='bbox 446 1406 643 1453; x_wconf 86' lang='lat' dir='ltr'><strong>autem</strong></span> <span class='ocrx_word' id='word_1_132' title='bbox 670 1395 767 1453; x_wconf 91' lang='lat' dir='ltr'><strong>hic</strong></span> <span class='ocrx_word' id='word_1_133' title='bbox 797 1414 996 1454; x_wconf 85' lang='lat' dir='ltr'><strong>versus</strong></span> <span class='ocrx_word' id='word_1_134' title='bbox 1026 1396 1196 1475; x_wconf 67' lang='lat' dir='ltr'><strong>plane</strong></span> <span class='ocrx_word' id='word_1_135' title='bbox 1226 1396 1524 1463; x_wconf 84' lang='lat' dir='ltr'><strong>trimeter;</strong></span> <span class='ocrx_word' id='word_1_136' title='bbox 1567 1414 1710 1472; x_wconf 85' lang='lat' dir='ltr'><strong>ergo</strong></span> <span class='ocrx_word' id='word_1_137' title='bbox 1748 1397 2002 1454; x_wconf 85' lang='lat' dir='ltr'><strong>creticus</strong></span> <span class='ocrx_word' id='word_1_138' title='bbox 2032 1394 2087 1451; x_wconf 87' lang='lat' dir='ltr'><strong>in</strong></span> <span class='ocrx_word' id='word_1_139' title='bbox 2117 1392 2303 1471; x_wconf 72' lang='lat' dir='ltr'><strong>prima</strong></span> <span class='ocrx_word' id='word_1_140' title='bbox 2330 1390 2490 1450; x_wconf 87' lang='lat' dir='ltr'><strong>sede.</strong></span> <span class='ocrx_word' id='word_1_141' title='bbox 2591 1394 2679 1452; x_wconf 78' lang='lat' dir='ltr'><strong>At</strong></span> <span class='ocrx_word' id='word_1_142' title='bbox 2719 1394 2778 1451; x_wconf 90' lang='lat' dir='ltr'><strong>id</strong></span> 
     </span>
     <span class='ocr_line' id='line_1_16' title="bbox 306 1471 2780 1553; baseline -0.001 -23"><span class='ocrx_word' id='word_1_143' title='bbox 306 1485 578 1551; x_wconf 77' lang='lat' dir='ltr'><strong>negatur.</strong></span> <span class='ocrx_word' id='word_1_144' title='bbox 608 1492 715 1551; x_wconf 84' lang='lat' dir='ltr'><strong>per</strong></span> <span class='ocrx_word' id='word_1_145' title='bbox 741 1472 1127 1543; x_wconf 73' lang='lat' dir='ltr'><strong>collisionem,</strong></span> <span class='ocrx_word' id='word_1_146' title='bbox 1154 1474 1404 1544; x_wconf 88' lang='lat' dir='ltr'><strong>scilicet,</strong></span> <span class='ocrx_word' id='word_1_147' title='bbox 1434 1488 1492 1533; x_wconf 87' lang='lat' dir='ltr'><strong>et</strong></span> <span class='ocrx_word' id='word_1_148' title='bbox 1520 1474 1833 1553; x_wconf 85' lang='lat' dir='ltr'><strong>synizesin,</strong></span> <span class='ocrx_word' id='word_1_149' title='bbox 1865 1474 1947 1532; x_wconf 89' lang='lat' dir='ltr'><strong>ita</strong></span> <span class='ocrx_word' id='word_1_150' title='bbox 1978 1485 2041 1531; x_wconf 89' lang='lat' dir='ltr'><strong>ut</strong></span> <span class='ocrx_word' id='word_1_151' title='bbox 2069 1474 2144 1531; x_wconf 86' lang='lat' dir='ltr'><strong>sit</strong></span> <span class='ocrx_word' id='word_1_152' title='bbox 2169 1471 2479 1551; x_wconf 83' lang='lat' dir='ltr'><strong>spondaeus</strong></span> <span class='ocrx_word' id='word_1_153' title='bbox 2509 1472 2566 1529; x_wconf 89' lang='lat' dir='ltr'><strong>in</strong></span> <span class='ocrx_word' id='word_1_154' title='bbox 2593 1471 2780 1550; x_wconf 72' lang='lat' dir='ltr'><strong>prima</strong></span> 
     </span>
     <span class='ocr_line' id='line_1_17' title="bbox 310 1551 735 1631; baseline -0.005 -22"><span class='ocrx_word' id='word_1_155' title='bbox 310 1564 477 1631; x_wconf 87' lang='lat' dir='ltr'><strong>parte</strong></span> <span class='ocrx_word' id='word_1_156' title='bbox 503 1551 735 1609; x_wconf 83' lang='lat' dir='ltr'><strong>senarii.</strong></span> 
     </span>
    </p>

    <p class='ocr_par' dir='ltr' id='par_1_6' title="bbox 392 1626 1220 1707">
     <span class='ocr_line' id='line_1_18' title="bbox 392 1626 1220 1707; baseline -0.005 -18"><span class='ocrx_word' id='word_1_157' title='bbox 392 1630 537 1707; x_wconf 87' lang='lat' dir='ltr'><strong>Pag.</strong></span> <span class='ocrx_word' id='word_1_158' title='bbox 570 1634 663 1687; x_wconf 82' lang='lat'><strong>11.</strong></span> <span class='ocrx_word' id='word_1_159' title='bbox 748 1630 933 1688; x_wconf 74' lang='lat' dir='ltr'><strong>Paulo</strong></span> <span class='ocrx_word' id='word_1_160' title='bbox 959 1626 1220 1687; x_wconf 69' lang='lat' dir='ltr'><strong>inferitis.</strong></span> 
     </span>
    </p>

    <p class='ocr_par' dir='ltr' id='par_1_7' title="bbox 570 1705 2782 1773">
     <span class='ocr_line' id='line_1_19' title="bbox 570 1705 2782 1773; baseline -0.001 -19"><span class='ocrx_word' id='word_1_161' title='bbox 570 1706 721 1756; x_wconf 76' lang='lat' dir='ltr'><strong>Dave.</strong></span> <span class='ocrx_word' id='word_1_162' title='bbox 788 1706 929 1756; x_wconf 87' lang='lat' dir='ltr'><strong>Hem.</strong></span> <span class='ocrx_word' id='word_1_163' title='bbox 950 1709 1055 1771; x_wconf 90' lang='lat' dir='ltr'><strong>quid</strong></span> <span class='ocrx_word' id='word_1_164' title='bbox 1078 1708 1181 1755; x_wconf 80' lang='lat' dir='ltr'><strong>est?</strong></span> <span class='ocrx_word' id='word_1_165' title='bbox 1214 1710 1406 1757; x_wconf 80' lang='lat' dir='ltr'><strong>ehodum</strong></span> <span class='ocrx_word' id='word_1_166' title='bbox 1430 1710 1486 1757; x_wconf 83' lang='lat' dir='ltr'><strong>ad</strong></span> <span class='ocrx_word' id='word_1_167' title='bbox 1509 1727 1583 1758; x_wconf 88' lang='lat' dir='ltr'><strong>me</strong></span> <span class='ocrx_word' id='word_1_168' title='bbox 1603 1729 1616 1759; x_wconf 72' lang='grc' dir='ltr'><em>ε</em></span> <span class='ocrx_word' id='word_1_169' title='bbox 1654 1710 1758 1773; x_wconf 89' lang='lat' dir='ltr'><strong>quid</strong></span> <span class='ocrx_word' id='word_1_170' title='bbox 1781 1710 1852 1757; x_wconf 86' lang='lat' dir='ltr'><strong>hic</strong></span> <span class='ocrx_word' id='word_1_171' title='bbox 1875 1710 1970 1757; x_wconf 74' lang='lat' dir='ltr'><strong>volt</strong></span> <span class='ocrx_word' id='word_1_172' title='bbox 1985 1710 2008 1755; x_wconf 72' lang='grc' dir='ltr'><strong>ἰ’</strong></span> <span class='ocrx_word' id='word_1_173' title='bbox 2041 1709 2146 1772; x_wconf 84' lang='lat' dir='ltr'><strong>quid</strong></span> <span class='ocrx_word' id='word_1_174' title='bbox 2167 1709 2270 1756; x_wconf 74' lang='lat' dir='ltr'><strong>ais?</strong></span> <span class='ocrx_word' id='word_1_175' title='bbox 2303 1705 2388 1771; x_wconf 68' lang='lat' dir='ltr'><strong>quii</strong></span> <span class='ocrx_word' id='word_1_176' title='bbox 2411 1708 2468 1756; x_wconf 83' lang='lat' dir='ltr'><strong>de</strong></span> <span class='ocrx_word' id='word_1_177' title='bbox 2488 1706 2570 1755; x_wconf 81' lang='lat' dir='ltr'><strong>re?</strong></span> <span class='ocrx_word' id='word_1_178' title='bbox 2603 1722 2743 1769; x_wconf 70' lang='lat' dir='ltr'><strong>rogas</strong></span> <span class='ocrx_word' id='word_1_179' title='bbox 2757 1707 2782 1751; x_wconf 75' lang='lat'><strong>¹?</strong></span> 
     </span>
    </p>

    <p class='ocr_par' dir='ltr' id='par_1_8' title="bbox 310 1770 2777 2007">
     <span class='ocr_line' id='line_1_20' title="bbox 391 1770 2776 1853; baseline 0 -24"><span class='ocrx_word' id='word_1_180' title='bbox 391 1770 604 1839; x_wconf 81' lang='lat' dir='ltr'><strong>Nemo,</strong></span> <span class='ocrx_word' id='word_1_181' title='bbox 633 1772 865 1830; x_wconf 80' lang='lat' dir='ltr'><strong>videtur</strong></span> <span class='ocrx_word' id='word_1_182' title='bbox 893 1772 1074 1840; x_wconf 61' lang='lat' dir='ltr'><strong>certe,</strong></span> <span class='ocrx_word' id='word_1_183' title='bbox 1096 1791 1312 1849; x_wconf 82' lang='lat' dir='ltr'><strong>negare</strong></span> <span class='ocrx_word' id='word_1_184' title='bbox 1340 1776 1540 1853; x_wconf 85' lang='lat' dir='ltr'><strong>possit,</strong></span> <span class='ocrx_word' id='word_1_185' title='bbox 1565 1776 1704 1853; x_wconf 86' lang='lat' dir='ltr'><strong>quin</strong></span> <span class='ocrx_word' id='word_1_186' title='bbox 1725 1775 1822 1832; x_wconf 79' lang='lat' dir='ltr'><strong>hic</strong></span> <span class='ocrx_word' id='word_1_187' title='bbox 1843 1774 1918 1833; x_wconf 85' lang='lat' dir='ltr'><strong>sit</strong></span> <span class='ocrx_word' id='word_1_188' title='bbox 1938 1774 2194 1832; x_wconf 86' lang='lat' dir='ltr'><strong>creticus</strong></span> <span class='ocrx_word' id='word_1_189' title='bbox 2213 1773 2268 1829; x_wconf 91' lang='lat' dir='ltr'><strong>in</strong></span> <span class='ocrx_word' id='word_1_190' title='bbox 2289 1775 2494 1852; x_wconf 70' lang='lat' dir='ltr'><strong>quarta</strong></span> <span class='ocrx_word' id='word_1_191' title='bbox 2511 1770 2776 1848; x_wconf 83' lang='lat' dir='ltr'><strong>regione,</strong></span> 
     </span>
     <span class='ocr_line' id='line_1_21' title="bbox 310 1848 2777 1912; baseline -0 -5"><span class='ocrx_word' id='word_1_192' title='bbox 310 1868 445 1907; x_wconf 87' lang='lat' dir='ltr'><strong>nam</strong></span> <span class='ocrx_word' id='word_1_193' title='bbox 474 1870 675 1909; x_wconf 83' lang='lat' dir='ltr'><strong>versus</strong></span> <span class='ocrx_word' id='word_1_194' title='bbox 690 1863 779 1910; x_wconf 87' lang='lat' dir='ltr'><strong>est</strong></span> <span class='ocrx_word' id='word_1_195' title='bbox 811 1852 1145 1910; x_wconf 85' lang='lat' dir='ltr'><strong>octonarius</strong></span> <span class='ocrx_word' id='word_1_196' title='bbox 1170 1854 1590 1912; x_wconf 78' lang='lat' dir='ltr'><strong>acatalecticus</strong></span> <span class='ocrx_word' id='word_1_197' title='bbox 1615 1852 1918 1912; x_wconf 82' lang='lat' dir='ltr'><strong>iambicus.</strong></span> <span class='ocrx_word' id='word_1_198' title='bbox 1963 1852 2081 1911; x_wconf 89' lang='lat' dir='ltr'><strong>Sed</strong></span> <span class='ocrx_word' id='word_1_199' title='bbox 2099 1851 2272 1909; x_wconf 83' lang='lat' dir='ltr'><strong>vide:</strong></span> <span class='ocrx_word' id='word_1_200' title='bbox 2317 1852 2480 1909; x_wconf 87' lang='lat' dir='ltr'><strong>aiunt</strong></span> <span class='ocrx_word' id='word_1_201' title='bbox 2504 1852 2570 1910; x_wconf 93' lang='lat' dir='ltr'><em>D</em></span> <span class='ocrx_word' id='word_1_202' title='bbox 2597 1848 2777 1908; x_wconf 87' lang='lat' dir='ltr'><strong>elidi:</strong></span> 
     </span>
     <span class='ocr_line' id='line_1_22' title="bbox 310 1928 1344 2007; baseline 0.001 -21"><span class='ocrx_word' id='word_1_203' title='bbox 310 1928 511 2007; x_wconf 88' lang='lat' dir='ltr'><strong>itaque</strong></span> <span class='ocrx_word' id='word_1_204' title='bbox 532 1930 843 2007; x_wconf 85' lang='lat' dir='ltr'><strong>spondaeus</strong></span> <span class='ocrx_word' id='word_1_205' title='bbox 870 1950 946 1989; x_wconf 76' lang='lat' dir='ltr'><strong>ex</strong></span> <span class='ocrx_word' id='word_1_206' title='bbox 976 1930 1197 1989; x_wconf 85' lang='lat' dir='ltr'><strong>cretico</strong></span> <span class='ocrx_word' id='word_1_207' title='bbox 1226 1930 1344 1990; x_wconf 83' lang='lat' dir='ltr'><strong>fiet.</strong></span> 
     </span>
    </p>

    <p class='ocr_par' dir='ltr' id='par_1_9' title="bbox 393 2010 1834 2069">
     <span class='ocr_line' id='line_1_23' title="bbox 393 2010 1834 2069; baseline 0.003 -2"><span class='ocrx_word' id='word_1_208' title='bbox 393 2010 475 2067; x_wconf 87' lang='lat' dir='ltr'><strong>Pa</strong></span> <span class='ocrx_word' id='word_1_209' title='bbox 522 2048 537 2063; x_wconf 89' lang='lat'><strong>.</strong></span> <span class='ocrx_word' id='word_1_210' title='bbox 564 2013 664 2069; x_wconf 74' lang='lat'><strong>26.</strong></span> <span class='ocrx_word' id='word_1_211' title='bbox 1826 2010 1834 2021; x_wconf 80' lang='grc'><strong>’</strong></span> 
     </span>
    </p>

    <p class='ocr_par' dir='ltr' id='par_1_10' title="bbox 315 2029 1982 2233">
     <span class='ocr_line' id='line_1_24' title="bbox 479 2029 1869 2151; baseline 0.001 -17"><span class='ocrx_word' id='word_1_212' title='bbox 479 2029 521 2086; x_wconf 70' lang='lat' dir='ltr'>g</span> <span class='ocrx_word' id='word_1_213' title='bbox 572 2087 654 2135; x_wconf 86' lang='lat' dir='ltr'><strong>Nil</strong></span> <span class='ocrx_word' id='word_1_214' title='bbox 674 2094 855 2151; x_wconf 76' lang='lat' dir='ltr'><strong>propter</strong></span> <span class='ocrx_word' id='word_1_215' title='bbox 876 2088 991 2135; x_wconf 73' lang='lat' dir='ltr'><strong>lianc</strong></span> <span class='ocrx_word' id='word_1_216' title='bbox 1014 2104 1123 2145; x_wconf 83' lang='lat' dir='ltr'><strong>rem,</strong></span> <span class='ocrx_word' id='word_1_217' title='bbox 1148 2087 1227 2135; x_wconf 76' lang='lat' dir='ltr'><strong>sed</strong></span> <span class='ocrx_word' id='word_1_218' title='bbox 1246 2096 1327 2142; x_wconf 73' lang='lat' dir='ltr'><strong>est,</strong></span> <span class='ocrx_word' id='word_1_219' title='bbox 1350 2089 1469 2151; x_wconf 84' lang='lat' dir='ltr'><strong>quod</strong></span> <span class='ocrx_word' id='word_1_220' title='bbox 1491 2100 1756 2137; x_wconf 70' lang='lat' dir='ltr'><strong>succensent</strong></span> <span class='ocrx_word' id='word_1_221' title='bbox 1775 2090 1869 2137; x_wconf 88' lang='lat' dir='ltr'><strong>tibi.</strong></span> 
     </span>
     <span class='ocr_line' id='line_1_25' title="bbox 315 2150 1982 2233; baseline 0.001 -23"><span class='ocrx_word' id='word_1_222' title='bbox 315 2150 397 2210; x_wconf 85' lang='lat' dir='ltr'><strong>Et</strong></span> <span class='ocrx_word' id='word_1_223' title='bbox 422 2170 561 2209; x_wconf 85' lang='lat' dir='ltr'><strong>mox</strong></span> <span class='ocrx_word' id='word_1_224' title='bbox 584 2172 601 2209; x_wconf 72' lang='lat' dir='ltr'>z</span> <span class='ocrx_word' id='word_1_225' title='bbox 690 2153 976 2219; x_wconf 81' lang='lat' dir='ltr'><strong>Quidnam</strong></span> <span class='ocrx_word' id='word_1_226' title='bbox 1002 2162 1083 2211; x_wconf 78' lang='lat' dir='ltr'><strong>est</strong></span> <span class='ocrx_word' id='word_1_227' title='bbox 1099 2154 1131 2209; x_wconf 78' lang='grc'><strong>,9</strong></span> <span class='ocrx_word' id='word_1_228' title='bbox 1164 2153 1372 2229; x_wconf 70' lang='lat' dir='ltr'><strong>pueril&#39;</strong></span> <span class='ocrx_word' id='word_1_229' title='bbox 1396 2164 1477 2211; x_wconf 71' lang='lat' dir='ltr'><strong>est</strong></span> <span class='ocrx_word' id='word_1_230' title='bbox 1502 2155 1535 2210; x_wconf 60' lang='grc' dir='ltr'><strong><em>ἓ</em></strong></span> <span class='ocrx_word' id='word_1_231' title='bbox 1577 2155 1716 2233; x_wconf 78' lang='lat' dir='ltr'><strong>quid</strong></span> <span class='ocrx_word' id='word_1_232' title='bbox 1740 2162 1841 2217; x_wconf 74' lang='lat' dir='ltr'><strong>est,</strong></span> <span class='ocrx_word' id='word_1_233' title='bbox 1871 2158 1982 2211; x_wconf 75' lang='lat' dir='ltr'><strong>dre.</strong></span> 
     </span>
    </p>

    <p class='ocr_par' dir='ltr' id='par_1_11' title="bbox 314 2228 2782 2369">
     <span class='ocr_line' id='line_1_26' title="bbox 394 2228 2782 2320; baseline -0 -33"><span class='ocrx_word' id='word_1_234' title='bbox 394 2230 463 2320; x_wconf 74' lang='lat' dir='ltr'><strong>In</strong></span> <span class='ocrx_word' id='word_1_235' title='bbox 496 2242 746 2307; x_wconf 87' lang='lat' dir='ltr'><strong>utroque</strong></span> <span class='ocrx_word' id='word_1_236' title='bbox 773 2231 1048 2319; x_wconf 75' lang='lat' dir='ltr'><strong>exemplo</strong></span> <span class='ocrx_word' id='word_1_237' title='bbox 1076 2228 1359 2289; x_wconf 83' lang='lat' dir='ltr'><strong>affirmant</strong></span> <span class='ocrx_word' id='word_1_238' title='bbox 1400 2232 1671 2291; x_wconf 85' lang='lat' dir='ltr'><strong>miserum</strong></span> <span class='ocrx_word' id='word_1_239' title='bbox 1699 2231 1843 2290; x_wconf 89' lang='lat' dir='ltr'><strong>illud</strong></span> <span class='ocrx_word' id='word_1_240' title='bbox 1886 2234 1951 2291; x_wconf 94' lang='lat' dir='ltr'><em>D</em></span> <span class='ocrx_word' id='word_1_241' title='bbox 1997 2230 2188 2291; x_wconf 83' lang='lat' dir='ltr'><strong>exteri</strong></span> <span class='ocrx_word' id='word_1_242' title='bbox 2234 2230 2471 2299; x_wconf 85' lang='lat' dir='ltr'><strong>debere,</strong></span> <span class='ocrx_word' id='word_1_243' title='bbox 2505 2230 2582 2287; x_wconf 93' lang='lat' dir='ltr'><strong>ob</strong></span> <span class='ocrx_word' id='word_1_244' title='bbox 2613 2228 2782 2307; x_wconf 81' lang='lat' dir='ltr'><strong>quod</strong></span> 
     </span>
     <span class='ocr_line' id='line_1_27' title="bbox 314 2320 857 2369; baseline -0.004 -4"><span class='ocrx_word' id='word_1_245' title='bbox 314 2320 612 2369; x_wconf 74' lang='lat' dir='ltr'><strong>meritum.</strong></span> <span class='ocrx_word' id='word_1_246' title='bbox 640 2326 857 2367; x_wconf 78' lang='lat' dir='ltr'><strong>nescio.</strong></span> 
     </span>
    </p>

    <p class='ocr_par' dir='ltr' id='par_1_12' title="bbox 397 2384 751 2464">
     <span class='ocr_line' id='line_1_28' title="bbox 397 2384 751 2464; baseline -0.006 -20"><span class='ocrx_word' id='word_1_247' title='bbox 397 2386 542 2464; x_wconf 85' lang='lat' dir='ltr'><strong>Pag.</strong></span> <span class='ocrx_word' id='word_1_248' title='bbox 568 2390 667 2444; x_wconf 82' lang='lat'><strong>41.</strong></span> <span class='ocrx_word' id='word_1_249' title='bbox 744 2384 751 2391; x_wconf 76' lang='grc'><em>’</em></span> 
     </span>
    </p>

    <p class='ocr_par' dir='ltr' id='par_1_13' title="bbox 286 2464 2788 3119">
     <span class='ocr_line' id='line_1_29' title="bbox 286 2464 1998 2545; baseline 0.003 -35"><span class='ocrx_word' id='word_1_250' title='bbox 286 2512 295 2523; x_wconf 67' lang='lat'>‚</span> <span class='ocrx_word' id='word_1_251' title='bbox 574 2464 729 2513; x_wconf 78' lang='lat' dir='ltr'><strong>Vestri</strong></span> <span class='ocrx_word' id='word_1_252' title='bbox 748 2464 869 2527; x_wconf 84' lang='lat' dir='ltr'><strong>cuju&#39;</strong></span> <span class='ocrx_word' id='word_1_253' title='bbox 890 2465 1091 2513; x_wconf 60' lang='lat' dir='ltr'><strong>ire-stri?</strong></span> <span class='ocrx_word' id='word_1_254' title='bbox 1126 2465 1364 2528; x_wconf 72' lang='lat' dir='ltr'><strong>Pamphili.</strong></span> <span class='ocrx_word' id='word_1_255' title='bbox 1428 2465 1570 2513; x_wconf 83' lang='lat' dir='ltr'><strong>Hem.</strong></span> <span class='ocrx_word' id='word_1_256' title='bbox 1591 2468 1712 2529; x_wconf 84' lang='lat' dir='ltr'><strong>quid.</strong></span> <span class='ocrx_word' id='word_1_257' title='bbox 1737 2466 1960 2545; x_wconf 55' lang='lat' dir='ltr'><strong>Pamnhili</strong></span> <span class='ocrx_word' id='word_1_258' title='bbox 1974 2469 1998 2515; x_wconf 83' lang='lat'><strong>?</strong></span> 
     </span>
     <span class='ocr_line' id='line_1_30' title="bbox 318 2527 2786 2611; baseline -0.001 -24"><span class='ocrx_word' id='word_1_259' title='bbox 318 2528 430 2587; x_wconf 88' lang='lat' dir='ltr'><strong>Est</strong></span> <span class='ocrx_word' id='word_1_260' title='bbox 456 2527 819 2588; x_wconf 83' lang='lat' dir='ltr'><strong>indubitatus</strong></span> <span class='ocrx_word' id='word_1_261' title='bbox 848 2529 1130 2589; x_wconf 78' lang='lat' dir='ltr'><strong>iambicus</strong></span> <span class='ocrx_word' id='word_1_262' title='bbox 1166 2530 1426 2589; x_wconf 86' lang='lat' dir='ltr'><strong>senarius</strong></span> <span class='ocrx_word' id='word_1_263' title='bbox 1448 2552 1465 2587; x_wconf 71' lang='grc' dir='ltr'><strong>ε</strong></span> <span class='ocrx_word' id='word_1_264' title='bbox 1504 2530 1706 2611; x_wconf 82' lang='lat' dir='ltr'><strong>itaque</strong></span> <span class='ocrx_word' id='word_1_265' title='bbox 1734 2546 1990 2591; x_wconf 80' lang='lat' dir='ltr'><strong>creticus</strong></span> <span class='ocrx_word' id='word_1_266' title='bbox 2017 2530 2336 2591; x_wconf 86' lang='lat' dir='ltr'><strong>secundam</strong></span> <span class='ocrx_word' id='word_1_267' title='bbox 2371 2527 2571 2587; x_wconf 86' lang='lat' dir='ltr'><strong>sedem</strong></span> <span class='ocrx_word' id='word_1_268' title='bbox 2601 2545 2786 2585; x_wconf 87' lang='lat' dir='ltr'><strong>occu-</strong></span> 
     </span>
     <span class='ocr_line' id='line_1_31' title="bbox 288 2605 2788 2691; baseline -0.002 -26"><span class='ocrx_word' id='word_1_269' title='bbox 288 2607 499 2687; x_wconf 58' lang='lat' dir='ltr'><strong>pabit,</strong></span> <span class='ocrx_word' id='word_1_270' title='bbox 530 2608 647 2685; x_wconf 67' lang='lat' dir='ltr'><strong>qud</strong></span> <span class='ocrx_word' id='word_1_271' title='bbox 674 2617 733 2665; x_wconf 89' lang='lat' dir='ltr'><strong>te</strong></span> <span class='ocrx_word' id='word_1_272' title='bbox 764 2627 998 2685; x_wconf 89' lang='lat' dir='ltr'><strong>cunque</strong></span> <span class='ocrx_word' id='word_1_273' title='bbox 1028 2609 1287 2674; x_wconf 80' lang='lat' dir='ltr'><strong>verteris,</strong></span> <span class='ocrx_word' id='word_1_274' title='bbox 1317 2607 1423 2667; x_wconf 90' lang='lat' dir='ltr'><strong>nisi</strong></span> <span class='ocrx_word' id='word_1_275' title='bbox 1454 2606 1710 2686; x_wconf 73' lang='lat' dir='ltr'><strong>priorem</strong></span> <span class='ocrx_word' id='word_1_276' title='bbox 1739 2610 1796 2668; x_wconf 90' lang='lat' dir='ltr'><strong>in</strong></span> <span class='ocrx_word' id='word_1_277' title='bbox 1826 2611 1975 2691; x_wconf 78' lang='lat' dir='ltr'><strong>cuja&#39;</strong></span> <span class='ocrx_word' id='word_1_278' title='bbox 2003 2612 2240 2668; x_wconf 88' lang='lat' dir='ltr'><strong>brevem</strong></span> <span class='ocrx_word' id='word_1_279' title='bbox 2269 2607 2406 2665; x_wconf 87' lang='lat' dir='ltr'><strong>olim</strong></span> <span class='ocrx_word' id='word_1_280' title='bbox 2436 2605 2614 2665; x_wconf 83' lang='lat' dir='ltr'><strong>fuisse</strong></span> <span class='ocrx_word' id='word_1_281' title='bbox 2641 2624 2788 2663; x_wconf 88' lang='lat' dir='ltr'><strong>con-</strong></span> 
     </span>
     <span class='ocr_line' id='line_1_32' title="bbox 316 2684 2784 2765; baseline -0.001 -22"><span class='ocrx_word' id='word_1_282' title='bbox 316 2685 544 2756; x_wconf 80' lang='lat' dir='ltr'>tendas,</span> <span class='ocrx_word' id='word_1_283' title='bbox 575 2684 734 2765; x_wconf 90' lang='lat' dir='ltr'><strong>quod</strong></span> <span class='ocrx_word' id='word_1_284' title='bbox 756 2706 829 2744; x_wconf 86' lang='lat' dir='ltr'><strong>an</strong></span> <span class='ocrx_word' id='word_1_285' title='bbox 858 2686 981 2743; x_wconf 76' lang='lat' dir='ltr'><strong>fieri</strong></span> <span class='ocrx_word' id='word_1_286' title='bbox 1004 2688 1186 2765; x_wconf 78' lang='lat' dir='ltr'><strong>possit</strong></span> <span class='ocrx_word' id='word_1_287' title='bbox 1214 2687 1439 2745; x_wconf 87' lang='lat' dir='ltr'><strong>dubito.</strong></span> <span class='ocrx_word' id='word_1_288' title='bbox 1521 2688 1746 2747; x_wconf 81' lang='lat' dir='ltr'><strong>Tamen</strong></span> <span class='ocrx_word' id='word_1_289' title='bbox 1771 2702 1832 2748; x_wconf 89' lang='lat' dir='ltr'><strong>et</strong></span> <span class='ocrx_word' id='word_1_290' title='bbox 1852 2690 1926 2748; x_wconf 89' lang='lat' dir='ltr'><strong>ad</strong></span> <span class='ocrx_word' id='word_1_291' title='bbox 1958 2689 2070 2747; x_wconf 85' lang='lat' dir='ltr'><strong>hoc</strong></span> <span class='ocrx_word' id='word_1_292' title='bbox 2092 2686 2470 2765; x_wconf 87' lang='lat' dir='ltr'><strong>respondent,</strong></span> <span class='ocrx_word' id='word_1_293' title='bbox 2497 2684 2784 2763; x_wconf 78' lang='lat' dir='ltr'><strong>syllabam</strong></span> 
     </span>
     <span class='ocr_line' id='line_1_33' title="bbox 314 2762 2273 2899; baseline 0.001 -78"><span class='ocrx_word' id='word_1_294' title='bbox 314 2762 577 2899; x_wconf 62' lang='lat' dir='ltr'><strong>illalmju&#39;</strong></span> <span class='ocrx_word' id='word_1_295' title='bbox 607 2763 774 2841; x_wconf 68' lang='lat' dir='ltr'><strong>plane</strong></span> <span class='ocrx_word' id='word_1_296' title='bbox 802 2764 1030 2844; x_wconf 82' lang='lat' dir='ltr'><strong>perire:</strong></span> <span class='ocrx_word' id='word_1_297' title='bbox 1076 2766 1232 2825; x_wconf 89' lang='lat' dir='ltr'><strong>unde</strong></span> <span class='ocrx_word' id='word_1_298' title='bbox 1261 2785 1367 2845; x_wconf 85' lang='lat' dir='ltr'><strong>pro</strong></span> <span class='ocrx_word' id='word_1_299' title='bbox 1395 2766 1616 2825; x_wconf 89' lang='lat' dir='ltr'><strong>cretico</strong></span> <span class='ocrx_word' id='word_1_300' title='bbox 1644 2768 1884 2827; x_wconf 87' lang='lat' dir='ltr'><strong>habebis</strong></span> <span class='ocrx_word' id='word_1_301' title='bbox 1909 2768 2273 2847; x_wconf 84' lang='lat' dir='ltr'><strong>spondaeum.</strong></span> 
     </span>
     <span class='ocr_line' id='line_1_34' title="bbox 452 2846 671 2903; baseline 0.014 -4"><span class='ocrx_word' id='word_1_302' title='bbox 452 2862 481 2899; x_wconf 77' lang='lat' dir='ltr'><strong>a</strong></span> <span class='ocrx_word' id='word_1_303' title='bbox 528 2882 543 2896; x_wconf 92' lang='lat'><strong>.</strong></span> <span class='ocrx_word' id='word_1_304' title='bbox 571 2846 671 2903; x_wconf 86' lang='lat'><strong>58.</strong></span> 
     </span>
     <span class='ocr_line' id='line_1_35' title="bbox 399 2863 1753 3049; baseline 0.004 -82"><span class='ocrx_word' id='word_1_305' title='bbox 399 2984 449 3045; x_wconf 85' lang='lat' dir='ltr'>P</span> <span class='ocrx_word' id='word_1_306' title='bbox 486 2863 526 2920; x_wconf 80' lang='lat' dir='ltr'>g</span> <span class='ocrx_word' id='word_1_307' title='bbox 571 2922 666 3049; x_wconf 52' lang='lat' dir='ltr'><strong>ssed</strong></span> <span class='ocrx_word' id='word_1_308' title='bbox 687 2937 794 2969; x_wconf 81' lang='lat' dir='ltr'><strong>ecca</strong></span> <span class='ocrx_word' id='word_1_309' title='bbox 814 2922 933 2987; x_wconf 80' lang='lat' dir='ltr'><strong>ip-sa</strong></span> <span class='ocrx_word' id='word_1_310' title='bbox 953 2926 1181 2987; x_wconf 79' lang='lat' dir='ltr'><strong>egreditur</strong></span> <span class='ocrx_word' id='word_1_311' title='bbox 1202 2928 1343 2973; x_wconf 77' lang='lat' dir='ltr'><strong>nostri</strong></span> <span class='ocrx_word' id='word_1_312' title='bbox 1363 2924 1490 2973; x_wconf 79' lang='lat' dir='ltr'><strong>fundi</strong></span> <span class='ocrx_word' id='word_1_313' title='bbox 1512 2927 1753 2974; x_wconf 79' lang='lat' dir='ltr'><strong>calamitas.</strong></span> 
     </span>
     <span class='ocr_line' id='line_1_36' title="bbox 450 2992 669 3045; baseline -0.005 -1"><span class='ocrx_word' id='word_1_314' title='bbox 450 3004 485 3044; x_wconf 89' lang='lat' dir='ltr'><strong>a</strong></span> <span class='ocrx_word' id='word_1_315' title='bbox 530 3026 543 3039; x_wconf 93' lang='lat'><strong>.</strong></span> <span class='ocrx_word' id='word_1_316' title='bbox 618 2992 669 3045; x_wconf 86' lang='lat'><strong>1.</strong></span> 
     </span>
     <span class='ocr_line' id='line_1_37' title="bbox 485 3006 1812 3119; baseline 0.003 -7"><span class='ocrx_word' id='word_1_317' title='bbox 485 3006 525 3063; x_wconf 70' lang='lat' dir='ltr'>g</span> <span class='ocrx_word' id='word_1_318' title='bbox 578 3064 837 3114; x_wconf 84' lang='lat' dir='ltr'><strong>Dedu-cam</strong></span> <span class='ocrx_word' id='word_1_319' title='bbox 862 3068 940 3115; x_wconf 83' lang='lat' dir='ltr'><strong>sed</strong></span> <span class='ocrx_word' id='word_1_320' title='bbox 961 3084 1139 3115; x_wconf 81' lang='lat' dir='ltr'><strong>ec-eum</strong></span> <span class='ocrx_word' id='word_1_321' title='bbox 1162 3069 1377 3117; x_wconf 85' lang='lat' dir='ltr'><strong>militem:</strong></span> <span class='ocrx_word' id='word_1_322' title='bbox 1414 3077 1486 3117; x_wconf 82' lang='lat' dir='ltr'><strong>est</strong></span> <span class='ocrx_word' id='word_1_323' title='bbox 1506 3071 1622 3119; x_wconf 84' lang='lat' dir='ltr'><strong>istuc</strong></span> <span class='ocrx_word' id='word_1_324' title='bbox 1643 3070 1812 3117; x_wconf 75' lang='lat' dir='ltr'><strong>datum.</strong></span> 
     </span>
    </p>

    <p class='ocr_par' dir='ltr' id='par_1_14' title="bbox 396 3129 2786 3209">
     <span class='ocr_line' id='line_1_38' title="bbox 396 3129 2786 3209; baseline -0 -21"><span class='ocrx_word' id='word_1_325' title='bbox 396 3129 591 3203; x_wconf 83' lang='lat' dir='ltr'><strong>Nemo</strong></span> <span class='ocrx_word' id='word_1_326' title='bbox 620 3150 732 3189; x_wconf 86' lang='lat' dir='ltr'><strong>non</strong></span> <span class='ocrx_word' id='word_1_327' title='bbox 765 3133 989 3209; x_wconf 86' lang='lat' dir='ltr'><strong>dejeret</strong></span> <span class='ocrx_word' id='word_1_328' title='bbox 1018 3152 1143 3191; x_wconf 85' lang='lat' dir='ltr'><strong>esse</strong></span> <span class='ocrx_word' id='word_1_329' title='bbox 1172 3134 1457 3192; x_wconf 83' lang='lat' dir='ltr'><strong>creticum</strong></span> <span class='ocrx_word' id='word_1_330' title='bbox 1489 3134 1546 3191; x_wconf 90' lang='lat' dir='ltr'><strong>in</strong></span> <span class='ocrx_word' id='word_1_331' title='bbox 1575 3134 1719 3192; x_wconf 86' lang='lat' dir='ltr'><strong>locis</strong></span> <span class='ocrx_word' id='word_1_332' title='bbox 1747 3130 1984 3201; x_wconf 85' lang='lat' dir='ltr'><strong>notatis,</strong></span> <span class='ocrx_word' id='word_1_333' title='bbox 2022 3144 2083 3191; x_wconf 80' lang='lat' dir='ltr'><strong>at</strong></span> <span class='ocrx_word' id='word_1_334' title='bbox 2112 3130 2278 3189; x_wconf 87' lang='lat' dir='ltr'><strong>multi</strong></span> <span class='ocrx_word' id='word_1_335' title='bbox 2308 3139 2546 3207; x_wconf 83' lang='lat' dir='ltr'><strong>negant.</strong></span> <span class='ocrx_word' id='word_1_336' title='bbox 2629 3130 2786 3189; x_wconf 84' lang='lat' dir='ltr'><strong>Nam</strong></span> 
     </span>
    </p>

    <p class='ocr_par' dir='ltr' id='par_1_15' title="bbox 319 3207 2642 3427">
     <span class='ocr_line' id='line_1_39' title="bbox 319 3207 2642 3345; baseline -0 -78"><span class='ocrx_word' id='word_1_337' title='bbox 319 3207 457 3345; x_wconf 52' lang='lat' dir='ltr'><strong>olig</strong></span> <span class='ocrx_word' id='word_1_338' title='bbox 484 3208 789 3267; x_wconf 80' lang='lat' dir='ltr'><strong>dicebatur</strong></span> <span class='ocrx_word' id='word_1_339' title='bbox 818 3232 991 3279; x_wconf 83' lang='lat' dir='ltr'><strong>ecum,</strong></span> <span class='ocrx_word' id='word_1_340' title='bbox 1019 3230 1191 3281; x_wconf 82' lang='lat' dir='ltr'><strong>ecam,</strong></span> <span class='ocrx_word' id='word_1_341' title='bbox 1224 3211 1363 3289; x_wconf 91' lang='lat' dir='ltr'><strong>quia</strong></span> <span class='ocrx_word' id='word_1_342' title='bbox 1391 3230 1504 3269; x_wconf 88' lang='lat' dir='ltr'><strong>non</strong></span> <span class='ocrx_word' id='word_1_343' title='bbox 1533 3212 1909 3288; x_wconf 79' lang='lat' dir='ltr'><strong>geminabant</strong></span> <span class='ocrx_word' id='word_1_344' title='bbox 1931 3211 2175 3271; x_wconf 87' lang='lat' dir='ltr'><strong>eandem</strong></span> <span class='ocrx_word' id='word_1_345' title='bbox 2205 3220 2642 3269; x_wconf 82' lang='lat' dir='ltr'><strong>consonantem.</strong></span> 
     </span>
     <span class='ocr_line' id='line_1_40' title="bbox 450 3292 707 3345; baseline 0 0"><span class='ocrx_word' id='word_1_346' title='bbox 450 3307 481 3345; x_wconf 82' lang='lat' dir='ltr'><strong>a</strong></span> <span class='ocrx_word' id='word_1_347' title='bbox 530 3328 543 3340; x_wconf 85' lang='lat'>-</span> <span class='ocrx_word' id='word_1_348' title='bbox 581 3292 707 3345; x_wconf 81' lang='lat'><strong>108.</strong></span> 
     </span>
     <span class='ocr_line' id='line_1_41' title="bbox 486 3308 1628 3427; baseline 0.003 -16"><span class='ocrx_word' id='word_1_349' title='bbox 486 3308 525 3365; x_wconf 75' lang='lat' dir='ltr'>g</span> <span class='ocrx_word' id='word_1_350' title='bbox 576 3364 652 3411; x_wconf 87' lang='lat' dir='ltr'><strong>Tu</strong></span> <span class='ocrx_word' id='word_1_351' title='bbox 674 3380 753 3426; x_wconf 82' lang='lat' dir='ltr'><strong>par</strong></span> <span class='ocrx_word' id='word_1_352' title='bbox 774 3364 868 3427; x_wconf 78' lang='lat' dir='ltr'><strong>pari</strong></span> <span class='ocrx_word' id='word_1_353' title='bbox 892 3363 1055 3411; x_wconf 75' lang='lat' dir='ltr'><strong>referto</strong></span> <span class='ocrx_word' id='word_1_354' title='bbox 1077 3366 1197 3427; x_wconf 83' lang='lat' dir='ltr'><strong>quod</strong></span> <span class='ocrx_word' id='word_1_355' title='bbox 1217 3383 1337 3414; x_wconf 81' lang='lat' dir='ltr'><strong>e-am</strong></span> <span class='ocrx_word' id='word_1_356' title='bbox 1364 3366 1628 3415; x_wconf 79' lang='lat' dir='ltr'><strong>remordeat·</strong></span> 
     </span>
    </p>

    <p class='ocr_par' dir='ltr' id='par_1_16' title="bbox 320 3426 2788 3656">
     <span class='ocr_line' id='line_1_42' title="bbox 400 3426 2788 3510; baseline 0.001 -26"><span class='ocrx_word' id='word_1_357' title='bbox 400 3428 509 3485; x_wconf 87' lang='lat' dir='ltr'><strong>Est</strong></span> <span class='ocrx_word' id='word_1_358' title='bbox 550 3428 881 3504; x_wconf 67' lang='lat' dir='ltr'><strong>planissime</strong></span> <span class='ocrx_word' id='word_1_359' title='bbox 908 3430 1188 3499; x_wconf 85' lang='lat' dir='ltr'><strong>senarius,</strong></span> <span class='ocrx_word' id='word_1_360' title='bbox 1217 3450 1322 3489; x_wconf 86' lang='lat' dir='ltr'><strong>seu</strong></span> <span class='ocrx_word' id='word_1_361' title='bbox 1364 3432 1646 3489; x_wconf 81' lang='lat' dir='ltr'><strong>trimeter.</strong></span> <span class='ocrx_word' id='word_1_362' title='bbox 1727 3433 2124 3498; x_wconf 80' lang='lat' dir='ltr'><strong>Quamobrem</strong></span> <span class='ocrx_word' id='word_1_363' title='bbox 2171 3432 2227 3489; x_wconf 92' lang='lat' dir='ltr'><strong>in</strong></span> <span class='ocrx_word' id='word_1_364' title='bbox 2269 3429 2472 3510; x_wconf 71' lang='lat' dir='ltr'><strong>quintii</strong></span> <span class='ocrx_word' id='word_1_365' title='bbox 2497 3426 2640 3487; x_wconf 86' lang='lat' dir='ltr'><strong>sede</strong></span> <span class='ocrx_word' id='word_1_366' title='bbox 2671 3426 2788 3486; x_wconf 78' lang='lat' dir='ltr'><strong>erit.</strong></span> 
     </span>
     <span class='ocr_line' id='line_1_43' title="bbox 321 3504 2788 3590; baseline 0.001 -28"><span class='ocrx_word' id='word_1_367' title='bbox 321 3504 597 3563; x_wconf 86' lang='lat' dir='ltr'><strong>creticus.</strong></span> <span class='ocrx_word' id='word_1_368' title='bbox 681 3504 799 3562; x_wconf 88' lang='lat' dir='ltr'><strong>Sed</strong></span> <span class='ocrx_word' id='word_1_369' title='bbox 828 3519 886 3564; x_wconf 88' lang='lat' dir='ltr'><strong>et</strong></span> <span class='ocrx_word' id='word_1_370' title='bbox 917 3506 1016 3582; x_wconf 89' lang='lat' dir='ltr'><strong>qui</strong></span> <span class='ocrx_word' id='word_1_371' title='bbox 1054 3508 1338 3566; x_wconf 81' lang='lat' dir='ltr'><strong>creticum</strong></span> <span class='ocrx_word' id='word_1_372' title='bbox 1370 3509 1506 3568; x_wconf 87' lang='lat' dir='ltr'><strong>binc</strong></span> <span class='ocrx_word' id='word_1_373' title='bbox 1532 3509 1830 3589; x_wconf 84' lang='lat' dir='ltr'><strong>ablegant,</strong></span> <span class='ocrx_word' id='word_1_374' title='bbox 1853 3511 1994 3569; x_wconf 86' lang='lat' dir='ltr'><strong>scin&#39;</strong></span> <span class='ocrx_word' id='word_1_375' title='bbox 2021 3524 2086 3571; x_wconf 92' lang='lat' dir='ltr'><strong>tu</strong></span> <span class='ocrx_word' id='word_1_376' title='bbox 2115 3510 2258 3590; x_wconf 88' lang='lat' dir='ltr'><strong>quid</strong></span> <span class='ocrx_word' id='word_1_377' title='bbox 2285 3508 2488 3569; x_wconf 87' lang='lat' dir='ltr'><strong>dicant</strong></span> <span class='ocrx_word' id='word_1_378' title='bbox 2507 3508 2537 3565; x_wconf 83' lang='lat'><strong>?</strong></span> <span class='ocrx_word' id='word_1_379' title='bbox 2580 3506 2788 3566; x_wconf 86' lang='lat' dir='ltr'><strong>dicunt</strong></span> 
     </span>
     <span class='ocr_line' id='line_1_44' title="bbox 320 3582 1575 3656; baseline 0.003 -17"><span class='ocrx_word' id='word_1_380' title='bbox 320 3582 405 3641; x_wconf 86' lang='lat' dir='ltr'><strong>illi</strong></span> <span class='ocrx_word' id='word_1_381' title='bbox 434 3601 661 3641; x_wconf 85' lang='lat' dir='ltr'><strong>versum</strong></span> <span class='ocrx_word' id='word_1_382' title='bbox 692 3601 819 3641; x_wconf 83' lang='lat' dir='ltr'><strong>esse</strong></span> <span class='ocrx_word' id='word_1_383' title='bbox 848 3582 1017 3641; x_wconf 85' lang='lat' dir='ltr'><strong>aliter</strong></span> <span class='ocrx_word' id='word_1_384' title='bbox 1046 3586 1424 3656; x_wconf 80' lang='lat' dir='ltr'><strong>metiendum,</strong></span> <span class='ocrx_word' id='word_1_385' title='bbox 1454 3587 1575 3646; x_wconf 89' lang='lat' dir='ltr'><strong>sic:</strong></span> 
     </span>
    </p>

    <p class='ocr_par' dir='ltr' id='par_1_17' title="bbox 577 3658 1659 3725">
     <span class='ocr_line' id='line_1_45' title="bbox 577 3658 1659 3725; baseline 0.009 -19"><span class='ocrx_word' id='word_1_386' title='bbox 577 3658 653 3707; x_wconf 85' lang='lat' dir='ltr'><strong>Tu</strong></span> <span class='ocrx_word' id='word_1_387' title='bbox 672 3662 1083 3723; x_wconf 76' lang='lat' dir='ltr'><strong>par-pari-reser-to</strong></span> <span class='ocrx_word' id='word_1_388' title='bbox 1103 3666 1224 3725; x_wconf 83' lang='lat' dir='ltr'><strong>quod</strong></span> <span class='ocrx_word' id='word_1_389' title='bbox 1247 3668 1659 3715; x_wconf 79' lang='lat' dir='ltr'><strong>eam-remo&#39;r-deat.</strong></span> 
     </span>
    </p>

    <p class='ocr_par' dir='ltr' id='par_1_18' title="bbox 321 3724 2796 4099">
     <span class='ocr_line' id='line_1_46' title="bbox 404 3724 2790 3809; baseline 0.001 -26"><span class='ocrx_word' id='word_1_390' title='bbox 404 3724 485 3783; x_wconf 90' lang='lat' dir='ltr'><strong>Et</strong></span> <span class='ocrx_word' id='word_1_391' title='bbox 513 3736 657 3785; x_wconf 87' lang='lat' dir='ltr'><strong>tunc</strong></span> <span class='ocrx_word' id='word_1_392' title='bbox 685 3726 793 3783; x_wconf 86' lang='lat' dir='ltr'><strong>erit</strong></span> <span class='ocrx_word' id='word_1_393' title='bbox 818 3739 1159 3802; x_wconf 56' lang='lat' dir='ltr'><strong>anapaestus</strong></span> <span class='ocrx_word' id='word_1_394' title='bbox 1202 3728 1261 3785; x_wconf 88' lang='lat' dir='ltr'><strong>in</strong></span> <span class='ocrx_word' id='word_1_395' title='bbox 1310 3734 1517 3809; x_wconf 67' lang='lat' dir='ltr'><strong>quarta</strong></span> <span class='ocrx_word' id='word_1_396' title='bbox 1560 3732 1918 3792; x_wconf 86' lang='lat' dir='ltr'><strong>dimensione</strong></span> <span class='ocrx_word' id='word_1_397' title='bbox 1946 3732 2165 3792; x_wconf 67' lang='lat' dir='ltr'><strong>versus.</strong></span> <span class='ocrx_word' id='word_1_398' title='bbox 2244 3731 2314 3791; x_wconf 88' lang='lat' dir='ltr'><strong>Id</strong></span> <span class='ocrx_word' id='word_1_399' title='bbox 2361 3742 2558 3791; x_wconf 86' lang='lat' dir='ltr'><strong>autem</strong></span> <span class='ocrx_word' id='word_1_400' title='bbox 2588 3747 2790 3787; x_wconf 79' lang='lat' dir='ltr'><strong>verum</strong></span> 
     </span>
     <span class='ocr_line' id='line_1_47' title="bbox 322 3804 2796 3885; baseline 0 -22"><span class='ocrx_word' id='word_1_401' title='bbox 322 3822 454 3863; x_wconf 82' lang='lat' dir='ltr'><strong>esse</strong></span> <span class='ocrx_word' id='word_1_402' title='bbox 480 3814 713 3881; x_wconf 84' lang='lat' dir='ltr'><strong>potest;</strong></span> <span class='ocrx_word' id='word_1_403' title='bbox 758 3823 889 3862; x_wconf 78' lang='lat' dir='ltr'><strong>narn</strong></span> <span class='ocrx_word' id='word_1_404' title='bbox 920 3804 1078 3874; x_wconf 87' lang='lat' dir='ltr'><strong>olim,</strong></span> <span class='ocrx_word' id='word_1_405' title='bbox 1108 3826 1253 3874; x_wconf 82' lang='lat' dir='ltr'><strong>eum,</strong></span> <span class='ocrx_word' id='word_1_406' title='bbox 1294 3830 1437 3877; x_wconf 83' lang='lat' dir='ltr'><strong>eam,</strong></span> <span class='ocrx_word' id='word_1_407' title='bbox 1466 3832 1582 3880; x_wconf 82' lang='lat' dir='ltr'><strong>eas,</strong></span> <span class='ocrx_word' id='word_1_408' title='bbox 1610 3833 1794 3880; x_wconf 81' lang='lat' dir='ltr'><strong>suum,</strong></span> <span class='ocrx_word' id='word_1_409' title='bbox 1833 3834 1988 3881; x_wconf 81' lang='lat' dir='ltr'><strong>suas,</strong></span> <span class='ocrx_word' id='word_1_410' title='bbox 2031 3814 2168 3881; x_wconf 77' lang='lat' dir='ltr'><strong>suis,</strong></span> <span class='ocrx_word' id='word_1_411' title='bbox 2210 3816 2340 3879; x_wconf 64' lang='grc' dir='ltr'><strong>δια,</strong></span> <span class='ocrx_word' id='word_1_412' title='bbox 2391 3808 2796 3885; x_wconf 82' lang='lat' dir='ltr'><strong>monosyllaba</strong></span> 
     </span>
     <span class='ocr_line' id='line_1_48' title="bbox 324 3881 2794 3969; baseline 0.001 -27"><span class='ocrx_word' id='word_1_413' title='bbox 324 3893 511 3951; x_wconf 84' lang='lat' dir='ltr'><strong>erant,</strong></span> <span class='ocrx_word' id='word_1_414' title='bbox 542 3894 609 3940; x_wconf 91' lang='lat' dir='ltr'><strong>ut</strong></span> <span class='ocrx_word' id='word_1_415' title='bbox 636 3901 713 3940; x_wconf 84' lang='lat' dir='ltr'><strong>ex</strong></span> <span class='ocrx_word' id='word_1_416' title='bbox 744 3881 1027 3941; x_wconf 86' lang='lat' dir='ltr'><strong>Lucretio</strong></span> <span class='ocrx_word' id='word_1_417' title='bbox 1055 3898 1322 3957; x_wconf 81' lang='lat' dir='ltr'><strong>constat3</strong></span> <span class='ocrx_word' id='word_1_418' title='bbox 1364 3906 1438 3947; x_wconf 90' lang='lat' dir='ltr'><strong>ne</strong></span> <span class='ocrx_word' id='word_1_419' title='bbox 1466 3890 1542 3947; x_wconf 89' lang='lat' dir='ltr'><strong>ad</strong></span> <span class='ocrx_word' id='word_1_420' title='bbox 1579 3890 1830 3949; x_wconf 84' lang='lat' dir='ltr'><strong>Ennium</strong></span> <span class='ocrx_word' id='word_1_421' title='bbox 1863 3911 2067 3969; x_wconf 88' lang='lat' dir='ltr'><strong>usque,</strong></span> <span class='ocrx_word' id='word_1_422' title='bbox 2097 3902 2158 3951; x_wconf 90' lang='lat' dir='ltr'><strong>et</strong></span> <span class='ocrx_word' id='word_1_423' title='bbox 2183 3890 2258 3949; x_wconf 88' lang='lat' dir='ltr'><strong>ad</strong></span> <span class='ocrx_word' id='word_1_424' title='bbox 2289 3890 2522 3948; x_wconf 86' lang='lat' dir='ltr'><strong>Livium</strong></span> <span class='ocrx_word' id='word_1_425' title='bbox 2558 3886 2794 3945; x_wconf 85' lang='lat' dir='ltr'><strong>Andro·</strong></span> 
     </span>
     <span class='ocr_line' id='line_1_49' title="bbox 322 3960 2795 4095; baseline 0.002 -77"><span class='ocrx_word' id='word_1_426' title='bbox 322 3960 519 4095; x_wconf 47' lang='lat' dir='ltr'><strong>nic-um</strong></span> <span class='ocrx_word' id='word_1_427' title='bbox 548 3962 947 4021; x_wconf 79' lang='lat' dir='ltr'><strong>ascendamus.</strong></span> <span class='ocrx_word' id='word_1_428' title='bbox 1036 3963 1152 4022; x_wconf 87' lang='lat' dir='ltr'><strong>Sed</strong></span> <span class='ocrx_word' id='word_1_429' title='bbox 1182 3976 1243 4022; x_wconf 86' lang='lat' dir='ltr'><strong>et</strong></span> <span class='ocrx_word' id='word_1_430' title='bbox 1269 3965 1473 4025; x_wconf 84' lang='lat' dir='ltr'><strong>falsam</strong></span> <span class='ocrx_word' id='word_1_431' title='bbox 1503 3967 1584 4027; x_wconf 90' lang='lat' dir='ltr'><strong>ibi</strong></span> <span class='ocrx_word' id='word_1_432' title='bbox 1611 3970 1928 4037; x_wconf 81' lang='lat' dir='ltr'><strong>lectionem</strong></span> <span class='ocrx_word' id='word_1_433' title='bbox 1967 3989 2114 4041; x_wconf 84' lang='lat' dir='ltr'><strong>esse,</strong></span> <span class='ocrx_word' id='word_1_434' title='bbox 2145 3968 2294 4039; x_wconf 78' lang='lat' dir='ltr'><strong>dixi,</strong></span> <span class='ocrx_word' id='word_1_435' title='bbox 2321 3968 2551 4049; x_wconf 87' lang='lat' dir='ltr'><strong>opinor,</strong></span> <span class='ocrx_word' id='word_1_436' title='bbox 2581 3965 2640 4024; x_wconf 86' lang='lat' dir='ltr'><strong>in</strong></span> <span class='ocrx_word' id='word_1_437' title='bbox 2673 3962 2795 4023; x_wconf 87' lang='lat' dir='ltr'><strong>No·</strong></span> 
     </span>
     <span class='ocr_line' id='line_1_50' title="bbox 321 4050 479 4099; baseline -0.044 0"><span class='ocrx_word' id='word_1_438' title='bbox 321 4050 385 4099; x_wconf 87' lang='lat' dir='ltr'><strong>tu</strong></span> <span class='ocrx_word' id='word_1_439' title='bbox 413 4058 479 4096; x_wconf 76' lang='lat' dir='ltr'><strong>ts.</strong></span> 
     </span>
    </p>

    <p class='ocr_par' dir='ltr' id='par_1_19' title="bbox 404 4118 676 4197">
     <span class='ocr_line' id='line_1_51' title="bbox 404 4118 676 4197; baseline -0.007 -20"><span class='ocrx_word' id='word_1_440' title='bbox 404 4118 550 4197; x_wconf 78' lang='lat' dir='ltr'><strong>Pag-</strong></span> <span class='ocrx_word' id='word_1_441' title='bbox 577 4122 676 4179; x_wconf 87' lang='lat'><strong>51.</strong></span> 
     </span>
    </p>

    <p class='ocr_par' dir='ltr' id='par_1_20' title="bbox 584 4194 2138 4264">
     <span class='ocr_line' id='line_1_52' title="bbox 584 4194 2138 4264; baseline 0.006 -21"><span class='ocrx_word' id='word_1_442' title='bbox 584 4194 723 4251; x_wconf 64' lang='lat' dir='ltr'><strong>Quod</strong></span> <span class='ocrx_word' id='word_1_443' title='bbox 746 4198 999 4261; x_wconf 74' lang='lat' dir='ltr'><strong>voluptates</strong></span> <span class='ocrx_word' id='word_1_444' title='bbox 1020 4215 1175 4247; x_wconf 88' lang='lat' dir='ltr'><strong>eorum</strong></span> <span class='ocrx_word' id='word_1_445' title='bbox 1200 4201 1393 4264; x_wconf 82' lang='lat' dir='ltr'><strong>propriae</strong></span> <span class='ocrx_word' id='word_1_446' title='bbox 1415 4210 1520 4250; x_wconf 83' lang='lat' dir='ltr'><strong>sunt</strong></span> <span class='ocrx_word' id='word_1_447' title='bbox 1539 4222 1550 4250; x_wconf 89' lang='lat'>:</span> <span class='ocrx_word' id='word_1_448' title='bbox 1596 4218 1698 4252; x_wconf 84' lang='lat' dir='ltr'><strong>nam</strong></span> <span class='ocrx_word' id='word_1_449' title='bbox 1723 4202 1788 4253; x_wconf 78' lang='lat' dir='ltr'><strong>mi</strong></span> <span class='ocrx_word' id='word_1_450' title='bbox 1809 4206 2138 4254; x_wconf 78' lang='lat' dir='ltr'><strong>immortalitas.</strong></span> 
     </span>
    </p>

    <p class='ocr_par' dir='ltr' id='par_1_21' title="bbox 324 4262 2840 4737">
     <span class='ocr_line' id='line_1_53' title="bbox 406 4262 2797 4347; baseline 0.001 -26"><span class='ocrx_word' id='word_1_451' title='bbox 406 4262 513 4321; x_wconf 83' lang='lat' dir='ltr'><strong>Est</strong></span> <span class='ocrx_word' id='word_1_452' title='bbox 534 4262 871 4321; x_wconf 82' lang='lat' dir='ltr'><strong>octonarius</strong></span> <span class='ocrx_word' id='word_1_453' title='bbox 892 4262 1175 4323; x_wconf 83' lang='lat' dir='ltr'><strong>iambicus</strong></span> <span class='ocrx_word' id='word_1_454' title='bbox 1194 4267 1641 4336; x_wconf 85' lang='lat' dir='ltr'><strong>acatalecticus;</strong></span> <span class='ocrx_word' id='word_1_455' title='bbox 1682 4270 1860 4328; x_wconf 86' lang='lat' dir='ltr'><strong>debet</strong></span> <span class='ocrx_word' id='word_1_456' title='bbox 1882 4270 2062 4347; x_wconf 87' lang='lat' dir='ltr'><strong>igitur</strong></span> <span class='ocrx_word' id='word_1_457' title='bbox 2085 4289 2214 4329; x_wconf 79' lang='lat' dir='ltr'><strong>esse</strong></span> <span class='ocrx_word' id='word_1_458' title='bbox 2237 4268 2498 4327; x_wconf 81' lang='lat' dir='ltr'><strong>creticus</strong></span> <span class='ocrx_word' id='word_1_459' title='bbox 2519 4264 2686 4325; x_wconf 84' lang='lat' dir='ltr'><strong>initio</strong></span> <span class='ocrx_word' id='word_1_460' title='bbox 2706 4264 2797 4324; x_wconf 87' lang='lat' dir='ltr'><strong>di·-</strong></span> 
     </span>
     <span class='ocr_line' id='line_1_54' title="bbox 324 4340 2794 4439; baseline 0.001 -38"><span class='ocrx_word' id='word_1_461' title='bbox 324 4340 659 4402; x_wconf 84' lang='lat' dir='ltr'><strong>mensionis.</strong></span> <span class='ocrx_word' id='word_1_462' title='bbox 741 4343 826 4399; x_wconf 80' lang='lat' dir='ltr'><strong>At</strong></span> <span class='ocrx_word' id='word_1_463' title='bbox 854 4342 1059 4399; x_wconf 76' lang='lat' dir='ltr'><strong>contra</strong></span> <span class='ocrx_word' id='word_1_464' title='bbox 1085 4344 1249 4402; x_wconf 85' lang='lat' dir='ltr'><strong>aiunt</strong></span> <span class='ocrx_word' id='word_1_465' title='bbox 1276 4346 1595 4405; x_wconf 86' lang='lat' dir='ltr'><strong>secundam</strong></span> <span class='ocrx_word' id='word_1_466' title='bbox 1621 4348 1902 4425; x_wconf 82' lang='lat' dir='ltr'><strong>syllabam</strong></span> <span class='ocrx_word' id='word_1_467' title='bbox 1933 4348 1988 4405; x_wconf 89' lang='lat' dir='ltr'><strong>in</strong></span> <span class='ocrx_word' id='word_1_468' title='bbox 2019 4348 2335 4439; x_wconf 75' lang='lat' dir='ltr'><strong>voluptates</strong></span> <span class='ocrx_word' id='word_1_469' title='bbox 2379 4366 2508 4407; x_wconf 80' lang='lat' dir='ltr'><strong>esse</strong></span> <span class='ocrx_word' id='word_1_470' title='bbox 2537 4346 2794 4415; x_wconf 83' lang='lat' dir='ltr'><strong>brevem,</strong></span> 
     </span>
     <span class='ocr_line' id='line_1_55' title="bbox 326 4419 2800 4504; baseline 0.002 -25"><span class='ocrx_word' id='word_1_471' title='bbox 326 4421 485 4499; x_wconf 86' lang='lat' dir='ltr'><strong>quod</strong></span> <span class='ocrx_word' id='word_1_472' title='bbox 513 4419 653 4479; x_wconf 88' lang='lat' dir='ltr'><strong>mihi</strong></span> <span class='ocrx_word' id='word_1_473' title='bbox 683 4419 919 4501; x_wconf 86' lang='lat' dir='ltr'><strong>quidem</strong></span> <span class='ocrx_word' id='word_1_474' title='bbox 948 4420 1179 4480; x_wconf 80' lang='lat' dir='ltr'><strong>videtur</strong></span> <span class='ocrx_word' id='word_1_475' title='bbox 1202 4421 1570 4483; x_wconf 86' lang='lat' dir='ltr'><strong>incredibile.</strong></span> <span class='ocrx_word' id='word_1_476' title='bbox 1651 4424 1870 4485; x_wconf 69' lang='lat' dir='ltr'><strong>Melius</strong></span> <span class='ocrx_word' id='word_1_477' title='bbox 1888 4425 2049 4485; x_wconf 84' lang='lat' dir='ltr'><strong>dicas</strong></span> <span class='ocrx_word' id='word_1_478' title='bbox 2113 4447 2316 4487; x_wconf 79' lang='lat' dir='ltr'><strong>rimam</strong></span> <span class='ocrx_word' id='word_1_479' title='bbox 2338 4426 2646 4504; x_wconf 81' lang='lat' dir='ltr'><strong>syllabam,</strong></span> <span class='ocrx_word' id='word_1_480' title='bbox 2665 4444 2800 4504; x_wconf 74' lang='lat' dir='ltr'><strong>quae</strong></span> 
     </span>
     <span class='ocr_line' id='line_1_56' title="bbox 325 4498 2840 4582; baseline 0.002 -25"><span class='ocrx_word' id='word_1_481' title='bbox 325 4498 517 4557; x_wconf 85' lang='lat' dir='ltr'><strong>brevis</strong></span> <span class='ocrx_word' id='word_1_482' title='bbox 539 4510 648 4565; x_wconf 82' lang='lat' dir='ltr'><strong>est,</strong></span> <span class='ocrx_word' id='word_1_483' title='bbox 676 4500 760 4557; x_wconf 88' lang='lat' dir='ltr'><strong>ita</strong></span> <span class='ocrx_word' id='word_1_484' title='bbox 785 4499 995 4579; x_wconf 86' lang='lat' dir='ltr'><strong>raptim</strong></span> <span class='ocrx_word' id='word_1_485' title='bbox 1026 4502 1470 4579; x_wconf 86' lang='lat' dir='ltr'><strong>pronunciatam</strong></span> <span class='ocrx_word' id='word_1_486' title='bbox 1490 4502 1688 4575; x_wconf 83' lang='lat' dir='ltr'><strong>fuisse,</strong></span> <span class='ocrx_word' id='word_1_487' title='bbox 1720 4518 1784 4563; x_wconf 91' lang='lat' dir='ltr'><strong>ut</strong></span> <span class='ocrx_word' id='word_1_488' title='bbox 1808 4524 1924 4563; x_wconf 88' lang='lat' dir='ltr'><strong>non</strong></span> <span class='ocrx_word' id='word_1_489' title='bbox 1945 4506 2282 4573; x_wconf 71' lang='lat' dir='ltr'><strong>audiretur;</strong></span> <span class='ocrx_word' id='word_1_490' title='bbox 2323 4519 2386 4564; x_wconf 83' lang='lat' dir='ltr'><strong>et</strong></span> <span class='ocrx_word' id='word_1_491' title='bbox 2409 4523 2516 4582; x_wconf 85' lang='lat' dir='ltr'><strong>pro</strong></span> <span class='ocrx_word' id='word_1_492' title='bbox 2541 4502 2696 4571; x_wconf 79' lang='lat' dir='ltr'><strong>volu,</strong></span> <span class='ocrx_word' id='word_1_493' title='bbox 2713 4504 2801 4561; x_wconf 87' lang='lat' dir='ltr'><strong>di·-</strong></span> <span class='ocrx_word' id='word_1_494' title='bbox 2833 4532 2840 4543; x_wconf 56' lang='grc' dir='ltr'><strong>ν</strong></span> 
     </span>
     <span class='ocr_line' id='line_1_57' title="bbox 326 4576 2801 4656; baseline 0.004 -26"><span class='ocrx_word' id='word_1_495' title='bbox 326 4586 561 4633; x_wconf 87' lang='lat' dir='ltr'><strong>ceretur</strong></span> <span class='ocrx_word' id='word_1_496' title='bbox 587 4576 703 4647; x_wconf 81' lang='lat' dir='ltr'><strong>vlu,</strong></span> <span class='ocrx_word' id='word_1_497' title='bbox 725 4598 833 4656; x_wconf 86' lang='lat' dir='ltr'><strong>per</strong></span> <span class='ocrx_word' id='word_1_498' title='bbox 859 4600 893 4637; x_wconf 82' lang='lat' dir='ltr'><strong>o</strong></span> <span class='ocrx_word' id='word_1_499' title='bbox 921 4598 1264 4639; x_wconf 86' lang='lat' dir='ltr'><strong>consonum.</strong></span> <span class='ocrx_word' id='word_1_500' title='bbox 1335 4580 1556 4641; x_wconf 76' lang='lat' dir='ltr'><strong>Verum</strong></span> <span class='ocrx_word' id='word_1_501' title='bbox 1580 4583 1706 4644; x_wconf 82' lang='lat' dir='ltr'><strong>haec</strong></span> <span class='ocrx_word' id='word_1_502' title='bbox 1723 4584 1864 4643; x_wconf 84' lang='lat' dir='ltr'><strong>satis</strong></span> <span class='ocrx_word' id='word_1_503' title='bbox 1891 4584 1968 4643; x_wconf 87' lang='lat' dir='ltr'><strong>de</strong></span> <span class='ocrx_word' id='word_1_504' title='bbox 1997 4582 2236 4642; x_wconf 88' lang='lat' dir='ltr'><strong>cretico.</strong></span> <span class='ocrx_word' id='word_1_505' title='bbox 2283 4584 2486 4649; x_wconf 86' lang='lat' dir='ltr'><strong>Dices,</strong></span> <span class='ocrx_word' id='word_1_506' title='bbox 2509 4579 2673 4646; x_wconf 80' lang='lat' dir='ltr'><strong>Quid</strong></span> <span class='ocrx_word' id='word_1_507' title='bbox 2695 4583 2801 4653; x_wconf 87' lang='lat' dir='ltr'><strong>ais,</strong></span> 
     </span>
     <span class='ocr_line' id='line_1_58' title="bbox 324 4650 2802 4737; baseline 0.005 -30"><span class='ocrx_word' id='word_1_508' title='bbox 324 4650 563 4709; x_wconf 78' lang='lat' dir='ltr'><strong>tandem</strong></span> <span class='ocrx_word' id='word_1_509' title='bbox 584 4654 615 4710; x_wconf 71' lang='lat' dir='ltr'><strong>i&gt;</strong></span> <span class='ocrx_word' id='word_1_510' title='bbox 656 4658 757 4714; x_wconf 83' lang='lat' dir='ltr'><strong>An</strong></span> <span class='ocrx_word' id='word_1_511' title='bbox 785 4656 1132 4718; x_wconf 85' lang='lat' dir='ltr'><strong>admittendi</strong></span> <span class='ocrx_word' id='word_1_512' title='bbox 1160 4669 1296 4720; x_wconf 87' lang='lat' dir='ltr'><strong>sunt</strong></span> <span class='ocrx_word' id='word_1_513' title='bbox 1323 4660 1529 4722; x_wconf 87' lang='lat' dir='ltr'><strong>cretici</strong></span> <span class='ocrx_word' id='word_1_514' title='bbox 1555 4662 1617 4721; x_wconf 89' lang='lat' dir='ltr'><strong>in</strong></span> <span class='ocrx_word' id='word_1_515' title='bbox 1645 4662 1926 4737; x_wconf 84' lang='lat' dir='ltr'><strong>iambeos,</strong></span> <span class='ocrx_word' id='word_1_516' title='bbox 1953 4662 2013 4720; x_wconf 88' lang='lat' dir='ltr'><strong>in</strong></span> <span class='ocrx_word' id='word_1_517' title='bbox 2041 4660 2372 4721; x_wconf 79' lang='lat' dir='ltr'><strong>trochaicos</strong></span> <span class='ocrx_word' id='word_1_518' title='bbox 2389 4662 2421 4717; x_wconf 74' lang='lat'><strong>:³</strong></span> <span class='ocrx_word' id='word_1_519' title='bbox 2475 4658 2616 4717; x_wconf 87' lang='lat' dir='ltr'><strong>Non</strong></span> <span class='ocrx_word' id='word_1_520' title='bbox 2643 4661 2802 4721; x_wconf 86' lang='lat' dir='ltr'><strong>arbi-</strong></span> 
     </span>
    </p>
   </div>
  </div>
 </body>
</html>
