3067 4959
1215 330 1859 403 TERENTIANA.
2622 340 2773 405 lxvii

307 498 518 557 barum
559 494 763 555 habita
801 490 950 553 ratio
973 500 1065 553 est
1088 491 1268 553 nulla.
1349 494 1699 555 Trochoeum
1724 494 1905 589 igitur
1926 497 2318 577 antiquiorem
2342 502 2522 565 fuisse
2548 502 2761 575 iambo,

307 588 372 637 et
398 575 706 652 dactylum
733 583 1026 649 anapaesto
1051 590 1156 649 par
1178 584 1288 631 est.
1367 573 1530 652 Ergo
1558 574 1917 633 trochaicum
1944 594 2173 641 versum
2214 578 2465 641 iambico
2490 582 2761 656 priorem.

308 658 516 719 Quare
543 650 678 710 cum
705 650 903 729 primae
929 670 968 729 q
1101 670 1178 709 ue
1202 650 1372 709 sedes
1399 650 1661 711 trochaeo
1698 652 1916 713 fuerint
1956 656 2303 732 peculiares,
2332 658 2533 718 alterae
2560 659 2641 718 illi
2668 680 2761 718 re-

304 732 468 791 lictoe
493 743 650 789 sunt.
717 730 1008 788 Proeterea
1033 748 1066 788 c
1116 750 1168 787 m
1198 728 1490 788 trochaeus
1515 742 1673 789 esset
1696 750 1799 808 pes
1826 732 2112 803 volubilis,
2140 736 2335 795 statim
2364 756 2492 795 sese
2518 738 2761 815 ingessit

303 809 366 867 in
395 828 648 869 versum.
713 807 952 866 Iambus
976 819 1172 866 autem
1199 819 1494 884 grassator
1519 807 1619 867 ille
1645 808 1801 867 idem
1826 808 1989 880 fecit,
2019 814 2177 889 quod
2205 814 2469 873 civilibus
2497 815 2555 873 in
2583 818 2759 876 rebus

301 886 574 966 plurimis
599 886 1022 945 consuevimus.
1099 886 1173 943 In
1198 885 1460 944 oratione
1498 886 1742 964 ipsa,„ut
1767 888 2064 966 principiis
2088 892 2279 969 gravis
2318 912 2390 951 ac
2430 892 2633 953 sedata
2660 895 2757 963 sit,

301 985 568 1044 pugnam
595 984 830 1043 quoque
857 964 1084 1023 cautius
1107 962 1520 1042 aggredimur;
1560 976 1687 1023 tum
1728 964 1829 1024 illa
1872 965 2114 1027 incitata
2156 966 2514 1031 effervescit:
2555 972 2643 1031 sic
2682 974 2759 1034 ad

301 1044 522 1103 saltum
550 1044 647 1102 ubi
676 1062 1080 1120 comparamus
1116 1061 1242 1111 nos,
1268 1040 1478 1101 fortius
1519 1042 1729 1132 pedem
1757 1042 2009 1121 figimus,
2039 1060 2105 1103 ut
2129 1050 2381 1107 statariae
2420 1068 2597 1109 morae
2638 1070 2761 1109 ma-

294 1126 490 1199 jorem
517 1123 798 1199 impetum
826 1121 1218 1198 subjiciamus.
1301 1119 1403 1179 Sic
1431 1121 1787 1179 Aristoteles
1814 1123 2071 1181 omnium
2090 1125 2371 1185 bonarum
2400 1127 2609 1185 artium
2651 1128 2757 1187 do·

301 1201 514 1269 minus,
537 1212 758 1258 motum
788 1218 1022 1258 omnem
1046 1198 1156 1257 sub
1181 1198 1359 1257 finem
1387 1217 1522 1256 esse
1541 1199 1809 1276 probavit
1834 1201 2299 1262 concitatiorem.
2346 1204 2441 1263 Ita
2460 1208 2759 1297 proposito

301 1279 584 1357 spondaeo
609 1291 670 1337 et
695 1277 909 1343 iambo,
937 1277 1118 1336 satius
1143 1275 1258 1335 fuit
1295 1278 1368 1336 ab
1415 1276 1529 1335 hoc
1556 1275 1719 1335 illum
1745 1277 1961 1356 excipi.
2042 1280 2337 1341 Praeterea
2362 1285 2759 1343 recentissima

347 1360 539 1435 ufique
567 1357 845 1415 memoria
873 1355 1002 1417 fere
1030 1354 1302 1414 metimur
1327 1354 1484 1453 ipsas
1507 1372 1633 1413 res:
1676 1372 1859 1491 <kuste
1902 1356 2195 1436 assignata
2237 1360 2419 1439 prima
2456 1362 2597 1421 sede
2638 1375 2761 1421 tro-

303 1378 534 1503 glinico,
556 1434 758 1493 ultima
782 1454 1020 1513 quoque
1045 1432 1379 1495 necessario
1409 1433 1667 1491 trochaeo
1734 1432 1906 1492 nitur.
1962 1438 2111 1503 Quae
2130 1438 2318 1509 sedes,
2338 1439 2579 1518 primam
2600 1440 2757 1513 dico,

300 1514 352 1572 si
379 1514 556 1572 iambi
581 1512 804 1585 fuisset,
832 1513 892 1571 in
920 1513 1125 1571 ultima
1149 1512 1406 1570 iambum
1432 1510 1655 1569 nullum
1683 1511 2063 1573 haberemus:
2093 1534 2251 1575 nunc
2278 1530 2343 1575 ut
2362 1518 2421 1575 in
2448 1520 2519 1577 ea
2542 1517 2641 1578 ille
2660 1520 2759 1591 sit,

301 1610 476 1671 pares
501 1592 671 1652 sedes
691 1591 774 1650 illi
801 1591 1192 1651 attribuendae
1215 1589 1385 1649 fuere
1407 1609 1426 1648 ι
1467 1598 1534 1647 ut
1558 1590 1958 1652 recentissimo
1982 1612 2149 1669 sono,
2176 1595 2395 1675 quippe
2420 1596 2751 1670 novissimo,

299 1690 472 1742 aures
497 1682 894 1749 spectatorum
922 1682 1300 1748 caperentur.

381 1752 532 1816 Quae
557 1750 632 1808 de
659 1746 930 1807 universa
955 1768 1018 1807 re
1045 1749 1300 1807 dicenda
1325 1757 1512 1819 erant,
1544 1744 1663 1805 fere
1688 1746 1888 1819 habes,
1922 1748 2116 1827 Sylvi:
2158 1769 2339 1829 quare
2368 1752 2650 1833 deinceps
2676 1754 2754 1813 ad

300 1844 392 1897 ea,
422 1848 554 1907 quae
577 1826 970 1906 particulatim
1000 1827 1400 1885 animadversa
1439 1836 1595 1895 sunt,
1617 1824 2057 1887 descendamus.
2138 1832 2342 1906 Atque
2370 1832 2661 1907 equidem,
2690 1846 2755 1892 ut

303 1926 434 1966 sese
460 1905 728 1977 offerent,
756 1905 840 1963 ita
865 1924 936 1963 ea
962 1905 1306 1965 describam.
1377 1903 1466 1963 Sit
1488 1922 1633 1981 ergo
1654 1904 1811 1982 quod
1839 1903 2007 1963 affert
2036 1906 2109 1964 ab
2140 1907 2428 1985 Adelphis
2450 1927 2521 1966 eo
2549 1929 2751 1969 versu:

887 1984 1012 2038 Quid
1031 1985 1070 2030 is
1089 1982 1228 2031 fecit?
1261 1984 1368 2045 quid
1387 1984 1462 2031 ille
1481 1981 1675 2029 fecerit?
1706 1998 1839 2043 quem
1865 1999 2009 2045 neque
2028 1985 2177 2045 pudet.

390 2046 544 2107 cum
567 2046 720 2104 enim
737 2058 1082 2123 agnosceret
1097 2047 1404 2118 senarium,
1423 2065 1615 2124 neque
1630 2047 1913 2104 rationem
1933 2047 2081 2105 inire
2100 2059 2297 2125 posset
2312 2047 2755 2121 dimensionum,

306 2124 555 2185 abstulit
592 2125 835 2182 alteram
877 2142 952 2183 ex
989 2124 1220 2203 liquidis
1259 2125 1314 2181 in
1343 2124 1686 2205 pronomine
1712 2123 1809 2183 itte
1834 2148 1859 2183 .-
1896 2125 1956 2182 id
1986 2126 2142 2202 quod
2172 2138 2237 2185 ut
2264 2146 2377 2205 ego
2405 2146 2640 2207 quoque
2668 2130 2755 2187 fa-

304 2216 459 2274 teor,
489 2212 551 2261 et
575 2222 766 2280 posse,
796 2214 854 2261 et
879 2201 1067 2262 solere
1095 2202 1256 2261 fieri:
1297 2202 1380 2261 ita
1403 2203 1503 2261 hic
1531 2202 1653 2260 duo
1680 2200 1836 2261 dico.
1916 2202 2195 2274 Primum,
2235 2206 2310 2264 ab
2352 2222 2425 2263 eo
2470 2208 2755 2266 creticum

303 2284 516 2361 quarta
560 2282 619 2339 in
662 2280 804 2340 sede
849 2300 980 2341 esse
1026 2281 1404 2341 constitutum
1423 2302 1442 2341 ι
1499 2300 1675 2371 quem
1718 2292 1909 2339 tamen
1953 2282 2163 2359 pedem
2204 2285 2351 2343 adeo
2392 2284 2641 2357 evitarit,
2690 2300 2755 2345 ut

298 2358 576 2421 everterit
605 2360 803 2419 multa.
884 2359 1122 2420 Deinde
1147 2378 1347 2419 versus
1374 2369 1478 2418 aut
1517 2376 1705 2436 ipsum
1747 2358 2062 2435 disjecisse,
2101 2374 2203 2420 aut
2242 2362 2487 2423 aliorum
2527 2364 2751 2425 incuria

295 2439 518 2500 solutos
544 2440 895 2519 praeterisse.
978 2438 1080 2499 Sic
1099 2438 1254 2497 enim
1282 2435 1519 2515 legendi
1546 2449 1718 2495 sunt:

877 2517 1004 2573 Quid
1022 2518 1162 2565 tristis
1182 2516 1268 2565 es?
1301 2516 1472 2579 rogitas
1492 2530 1580 2570 me,
1604 2516 1677 2562 ubi
1700 2516 1829 2563 nobis
1850 2516 2097 2567 AEschinus

875 2582 983 2636 siet.
1006 2582 1112 2643 quid
1131 2582 1274 2629 tristis
1294 2596 1384 2643 ego
1401 2578 1518 2627 sim?
1549 2580 1700 2627 dixine
1720 2581 1807 2627 hoc
1826 2581 1955 2629 fore?
1988 2584 2091 2645 quid
2115 2582 2155 2630 is

875 2647 1038 2696 Fecit?
1071 2646 1178 2709 quid
1197 2647 1273 2693 ille
1293 2644 1482 2693 fecerit?
1515 2658 1651 2705 quern
1676 2660 1821 2706 neque
1839 2648 1993 2709 pudet.

373 2714 494 2773 Ubi
519 2713 764 2774 verbum
803 2712 912 2773 siet
949 2710 1128 2771 unica
1165 2728 1194 2768 s
1235 2709 1390 2767 llaba
1419 2722 1761 2767 concretum
1792 2708 1881 2771 fit.
1935 2710 2035 2771 Sic
2060 2710 2237 2771 etiam
2278 2730 2355 2770 ex
2384 2714 2625 2773 Andriae
2646 2714 2745 2774 illo

289 2788 526 2853 sibilum
551 2792 812 2862 abstulit,
839 2810 959 2849 non
988 2788 1146 2848 unde
1215 2786 1380 2847 ebuit
1399 2808 1418 2845 ε

679 2871 800 2925 Quis
819 2870 960 2933 igitur
978 2876 1050 2917 est
1070 2867 1254 2915 relictus
1273 2866 1542 2931 objurgandi
1561 2866 1689 2914 locus
1700 2866 1725 2913 ἰ’

369 2935 640 3003 Sibilum,
676 2934 889 3013 inquit,
927 2932 988 2989 in
1027 2930 1374 3009 pronomine
1412 2931 1539 3009 quis
1576 2930 1833 2990 eliditur.
1916 2932 2001 2989 At
2054 2932 2191 2991 vero
2230 2933 2364 2992 cum
2406 2935 2738 2993 necessario

292 3012 582 3071 iambicus
618 3014 714 3082 sit,
753 3011 916 3069 nullo
955 3021 1134 3088 pacto
1173 3008 1248 3066 ad
1287 3029 1422 3068 eum
1464 3009 1705 3067 modum
1730 3026 1933 3067 secare
1960 3009 2161 3086 possis,
2191 3012 2295 3069 sed
2323 3030 2399 3068 ex
2430 3013 2741 3089 participio

297 3090 598 3149 tollendus
623 3101 731 3147 est.
811 3087 932 3146 Sed
957 3098 1020 3145 et
1044 3086 1206 3144 illum
1235 3087 1384 3147 male
1410 3086 1711 3145 dimetitus
1736 3097 1859 3143 est:

691 3166 826 3221 Perii,
849 3167 1060 3213 obsecro:
1099 3173 1190 3211 tam
1211 3165 1436 3215 infandum
1459 3165 1633 3213 facinus
1654 3179 1756 3210 mea
1776 3171 1841 3215 tu.
1866 3178 1923 3210 ne
1942 3164 2091 3211 audivi
2114 3166 2308 3227 quidem.

380 3233 574 3297 Quem
592 3229 757 3302 dicit,
775 3248 904 3289 esse
927 3229 1285 3288 trochaicum
1303 3229 1734 3288 catalecticum:
1764 3226 1901 3285 cum
1920 3229 1995 3285 sit
2013 3229 2241 3305 integer
2258 3228 2411 3307 quad
2421 3240 2577 3288 ratus
2597 3228 2738 3287 iam-

291 3308 482 3381 bicus,
509 3327 706 3389 neque
731 3308 806 3367 ad
830 3306 1190 3367 trochaicum
1217 3307 1473 3387 torqueri
1499 3306 1701 3385 possit.
1786 3305 1953 3366 Sicut
1979 3317 2040 3364 et
2066 3308 2491 3386 praecedentem
2522 3308 2718 3366 illum:

675 3384 820 3436 Forte
836 3388 894 3435 ad
916 3402 1000 3435 nos
1021 3387 1226 3438 redierit,
1258 3388 1368 3443 vise,
1389 3382 1561 3442 amabo,
1588 3400 1695 3431 num
1719 3385 1777 3432 sit
1788 3386 1887 3447 jam
1902 3404 1916 3432 ι
1954 3384 2060 3433 faxo
2083 3386 2211 3433 scias.

367 3452 522 3511 Nam
543 3462 613 3512 ut
629 3454 906 3511 evaderet
929 3450 1407 3529 amphimacrum,
1431 3468 1549 3507 non
1576 3459 1669 3509 est
1684 3448 1904 3507 veritus
1925 3450 2157 3508 trahere
2182 3449 2271 3509 sui
2293 3450 2573 3511 trochaici
2596 3470 2738 3511 cau-

287 3530 421 3589 dam
450 3532 626 3591 etiam
657 3532 810 3589 ultra
837 3541 976 3590 octo
1011 3529 1228 3608 pedes=
1271 3530 1381 3587 nisi
1419 3537 1677 3605 argutet‚
1715 3528 1861 3586 scias
1902 3546 2029 3586 esse
2058 3530 2537 3608 monosyllabum.
2618 3532 2737 3589 Sed

287 3608 422 3667 mim
451 3629 656 3670 omnes
682 3608 765 3667 illi
792 3609 910 3668 sint
939 3608 1230 3687 quadrati,
1257 3607 1433 3667 etiam
1473 3606 1635 3665 hunc
1673 3604 1987 3664 iambicum
2026 3607 2243 3683 malim,
2284 3609 2444 3669 nulla
2481 3608 2638 3669 facta
2677 3609 2737 3667 in

285 3688 472 3766 prima
494 3708 644 3749 voce
670 3687 990 3748 collisione.

675 3764 784 3821 Qud
803 3766 880 3815 ille
899 3766 1020 3814 abire
1035 3765 1228 3829 ignavos
1247 3764 1392 3829 possit
1411 3760 1611 3829 longius,
1634 3764 1719 3811 nisi
1742 3763 1781 3811 si
1802 3762 2001 3812 domum.

371 3828 444 3886 In
470 3830 714 3909 prologo
741 3842 941 3890 autem
971 3829 1234 3900 Andriae,
1262 3848 1334 3887 eo
1359 3848 1566 3888 versu:

395 3958 414 3969 Δ
672 3908 798 3957 Nam
817 3910 866 3956 in
887 3908 1090 3972 prologis
1111 3908 1358 3956 scribundis
1379 3922 1561 3971 operam
1580 3905 1803 3954 abutitur:
2204 3920 2215 3935 ·

287 3970 450 4031 cum
489 3970 708 4032 diceret
746 3973 908 4031 vocis
946 3973 1140 4050 hujus,
1173 3970 1448 4061 prologis,
1478 3971 1725 4049 primam
1765 3970 2049 4047 syllabam
2076 3988 2205 4029 esse
2230 3970 2267 4027 a
2292 3969 2571 4029 Terentio
2598 3990 2734 4050 pro-

285 4049 554 4118 ductam,
580 4050 801 4110 addidit
823 4050 964 4109 sane
984 4050 1267 4108 rationem
1294 4049 1593 4115 frivolam3
1626 4046 1857 4117 Latina,
1880 4047 2090 4126 inquit,
2120 4048 2573 4108 consuetudine:
2606 4051 2735 4127 qui·

281 4126 399 4186 bus
427 4145 555 4184 mos
579 4138 670 4185 est
691 4147 818 4187 eam
846 4127 1314 4207 praepositionem
1343 4128 1693 4203 productam
1721 4126 1956 4184 habere.
2025 4126 2175 4183 Nam
2206 4128 2265 4183 in
2294 4126 2518 4185 Latinis
2547 4128 2735 4184 verbis

278 4204 640 4284 producant,
679 4205 737 4263 in
779 4207 1004 4268 Graecis
1043 4216 1240 4265 autem
1280 4204 1629 4271 abstineant,
1670 4204 1779 4261 nisi
1819 4203 1933 4262 alia
1960 4203 2044 4262 vis
2082 4206 2301 4262 subsit:
2345 4205 2499 4262 sicut
2539 4203 2595 4261 in
2626 4206 2735 4259 hac

278 4302 452 4356 voce,
482 4282 584 4342 ubi
610 4282 830 4361 liquida
851 4286 950 4344 illa
974 4284 1326 4365 geminatur,
1353 4280 1506 4341 sicut
1531 4283 1593 4340 in
1622 4280 2326 4341 Heautontimorumeno:

672 4362 908 4412 Oratorem
927 4366 1074 4413 voluit
1092 4377 1194 4411 esse
1208 4377 1294 4417 me,
1312 4376 1404 4409 non
1429 4362 1700 4425 prossogum.

277 4425 376 4487 Ex
405 4426 660 4507 prologo
691 4426 1071 4487 Truculenti:

273 4568 354 4631 Et
386 4569 444 4631 Ἠ
665 4506 756 4557 Sed
777 4508 1014 4571 relliquam
1035 4507 1112 4555 dat
1130 4518 1328 4569 operam,
1351 4518 1410 4552 ne
1433 4506 1491 4551 sit
1511 4502 1745 4565 reliquom.

381 4590 400 4631 ι
447 4592 484 4633 ο
506 4594 524 4631 ε

658 4648 734 4700 Ut
751 4650 1040 4716 pernoscatis
1057 4648 1214 4711 ecquid
1237 4648 1328 4711 spei
1351 4649 1410 4699 sit
1433 4644 1685 4705 relliquum.
