3067 4959
1195 311 1839 380 TERENTIANA.
2548 357 2561 369 ·
2612 320 2735 386 cvii

261 490 578 538 venustum
607 495 756 538 esse.
797 523 800 528 .
859 478 958 538 Ab
983 497 1090 538 usu
1117 478 1272 537 enim
1301 479 1476 558 quain
1500 477 1836 560 longissime
1880 489 2167 538 remotum
2208 493 2316 540 est.
2413 483 2547 542 Jam
2574 483 2732 550 vero,

265 556 402 618 cum
431 557 492 616 in
519 556 716 616 verbis
739 555 1018 634 frigidum
1043 569 1150 616 aut
1184 557 1242 615 in
1283 558 1499 626 rebus3
1540 558 1615 617 de
1656 557 1847 618 verbis
1888 557 2260 628 Aristoteles,
2301 560 2379 619 de
2416 561 2589 618 rebus
2636 561 2733 618 alii

265 647 540 714 egerunt.
622 635 922 712 Frigidum
950 647 1146 693 autem
1168 637 1290 713 jam
1316 655 1615 704 vocamus,
1646 656 1762 696 non
1784 635 2295 714 magniloquentiae
2314 637 2569 696 vicinum
2590 637 2733 697 illud

264 714 472 772 vitium
509 712 878 791 (quanquam
905 712 1048 770 illud
1067 733 1302 792 quoque
1328 714 1545 772 babere
1564 715 1664 772 hic
1685 715 1879 774 locum
1902 714 2130 791 potest)
2156 714 2311 792 quod
2334 715 2639 774 discedere
2660 717 2734 774 ab

270 793 604 850 urbanitate
651 791 887 850 dicitur.
989 791 1184 860 Quod,
1235 802 1298 850 ut
1343 791 1601 849 nonnihil
1646 792 1682 848 a
1721 792 1953 851 dicendi
1994 791 2083 849 his
2122 791 2412 869 magistris
2439 794 2735 863 abeamus,

269 870 462 929 modis
489 870 558 928 fit
583 868 868 948 pluribus.
945 868 1060 927 Vel
1088 869 1142 926 in
1171 869 1387 948 frigida
1415 870 1813 929 translatione.
1894 869 1982 930 Ut
1998 869 2133 928 cum
2159 868 2364 930 dentes
2383 869 2621 929 calceati
2647 871 2737 930 di-

273 959 514 1008 cuntur.
596 949 808 1025 Capt.:

535 1024 654 1075 cum
676 1026 886 1074 calceatis
908 1025 1125 1081 dentibus,
1150 1027 1326 1073 veniam
1343 1033 1518 1073 tamen.

361 1088 442 1147 Et
470 1089 602 1148 cum
629 1089 838 1159 victus,
865 1090 1070 1148 semeis
1097 1091 1323 1152 esitare.
1351 1101 1411 1147 et
1437 1111 1761 1168 scruposam
1790 1089 1940 1149 viam
1966 1110 2291 1160 commeare,
2319 1088 2569 1148 dicitur:
2606 1109 2739 1167 quae

275 1167 416 1226 sane
442 1165 677 1244 frigent.
756 1167 867 1226 Vel
895 1166 954 1223 in
985 1165 1232 1226 minimis
1254 1166 1655 1226 allusiunculis
1682 1179 1744 1226 et
1768 1167 1943 1246 longe
1972 1168 2189 1247 petitis.
2272 1169 2359 1228 Ut
2388 1166 2671 1226 Poenulo:

535 1247 624 1294 Mi.
655 1247 826 1294 Assum
849 1245 968 1308 apud
989 1253 1038 1292 te
1058 1261 1230 1293 eccum.
1297 1246 1391 1306 Ag.
1422 1254 1470 1293 at
1491 1262 1580 1310 ego
1599 1247 1747 1294 elixus
1768 1247 1829 1294 sis
1851 1248 1973 1295 volo.

355 1307 436 1369 Et
465 1310 626 1387 quod
650 1310 729 1368 illi
759 1309 980 1388 placuit
1007 1329 1124 1366 non
1151 1309 1330 1368 semel
1354 1330 1370 1367 z

357 1449 390 1508 Ι
535 1413 661 1423 -——
679 1389 824 1452 magis
843 1389 984 1438 calleo
1007 1385 1142 1450 quam
1163 1403 1420 1451 aprugnum
1441 1388 1605 1436 callum
1628 1388 1775 1436 callet.

392 1461 511 1510 tem

360 1591 412 1650 E
515 1493 662 1564 ,—
681 1531 842 1579 callum
862 1545 1120 1595 aprugnum
1141 1528 1276 1592 aeque
1296 1530 1459 1576 callere
1479 1543 1572 1574 non
1595 1530 1754 1576 sinam.

441 1635 460 1663 ’
537 1671 721 1726 Quanta
740 1674 902 1722 sumini
923 1672 1183 1728 absumedo,
1205 1680 1372 1734 quanta
1394 1671 1510 1718 callo
1531 1670 1778 1718 calamitas!

358 1735 440 1794 Et
466 1735 740 1796 Curcul.:
1125 1739 1132 1748 “

996 1815 1130 1862 facite
1152 1825 1356 1869 ventum,
1381 1820 1433 1860 ut
1453 1813 1691 1876 gaudeam.

539 1879 634 1925 Ph.
665 1876 888 1926 Maxime.
961 1882 1048 1927 Cu.
1081 1879 1188 1941 quid
1208 1877 1392 1926 facitis?
1425 1893 1596 1940 quaeso.
1660 1878 1749 1924 Pla.
1780 1883 1984 1926 ventum.
2052 1879 2141 1926 Cu.
2172 1880 2277 1926 nolo
2298 1881 2503 1942 equidem
2526 1880 2633 1928 mihi

539 1940 662 1988 Fieri
683 1943 932 1990 ventulum.
995 1945 1086 1992 Plu.
1115 1944 1220 2004 quid
1241 1943 1382 2005 igitur
1403 1942 1508 1989 vis?
1578 1943 1664 1989 Ou-
1694 1956 1808 1997 ease,
1832 1951 1884 1988 ut
1904 1947 2091 1989 ventum
2112 1945 2346 2006 gaudeam.

365 2006 530 2069 Quas
556 2003 690 2062 cum
717 2007 1076 2082 grammatici
1105 2007 1322 2075 Latini,
1393 2006 1451 2065 ui
1480 2002 1653 2064 citius
1680 2004 1895 2062 coelum
1924 2005 2129 2082 digito,
2161 2019 2226 2064 ut
2251 2009 2333 2066 ita
2370 2007 2592 2085 loquar,
2636 2027 2743 2066 ex·

331 2083 668 2158 ugnassent‚
697 2100 869 2160 quarn
899 2096 966 2142 ut
1002 2083 1291 2142 minimam
1403 2083 1573 2142 oratii
1614 2083 1765 2140 oden
1810 2083 2251 2160 expressissent,
2291 2084 2639 2162 morologias
2680 2085 2741 2142 in

341 2159 506 2218 lauto
524 2159 800 2232 dixerint,
823 2161 1077 2220 nondum
1095 2161 1282 2231 video,
1310 2180 1494 2240 quare
1515 2159 1791 2230 Horatio,
1813 2171 1878 2218 ut
1898 2180 2123 2220 summo
2144 2162 2514 2240 maximoque
2532 2169 2741 2240 poetoe,

285 2235 374 2295 ita
397 2237 608 2297 critico
633 2238 1086 2316 incomparabili,
1115 2259 1288 2318 quern
1317 2251 1557 2298 acutum
1588 2238 1945 2317 doctumque
1972 2239 2155 2296 virum
2182 2241 2309 2318 ipse
2338 2242 2417 2298 D.
2448 2241 2743 2318 Hierony-

283 2334 420 2374 mus
443 2315 518 2375 ad
545 2317 980 2376 Pammachium
1008 2317 1257 2387 vocavit,
1284 2318 1440 2377 idem
1469 2336 1585 2375 non
1614 2317 1863 2375 licuerit.
1966 2317 2108 2394 Ejus
2134 2319 2273 2378 sane
2314 2319 2545 2396 generis
2584 2330 2741 2388 sunt,

284 2413 418 2472 quae
443 2393 501 2452 in
531 2394 926 2474 Aristophane
953 2407 1212 2464 accusat,
1243 2415 1492 2474 quaeque
1516 2393 1768 2453 trivialia
1791 2395 2007 2471 potius,
2028 2397 2201 2474 quam
2222 2408 2287 2455 ut
2312 2396 2448 2454 viris
2476 2396 2741 2466 eruditis,

283 2471 457 2530 etiam
487 2472 544 2530 in
571 2475 770 2543 scena,
793 2475 1027 2552 placere
1047 2487 1150 2532 aut
1169 2473 1426 2532 debeant
1443 2483 1550 2533 aut.
1567 2473 1808 2553 possint,
1829 2488 2143 2532 accuratus
2164 2493 2373 2533 censor
2393 2473 2747 2533 Plutarchus

275 2550 594 2627 judicavit3
638 2551 745 2608 Καὶ
769 2555 886 2633 γάρ
926 2551 1079 2630 ὁμὲν
1113 2549 1430 2618 ἀπαίδευτος
1471 2551 1565 2610 καὶ
1611 2549 1835 2623 ἰδιώτης,
1878 2549 1953 2618 οἷς
1992 2551 2181 2620 ἐκεῖνος
2222 2551 2396 2630 λέγει,
2436 2550 2745 2610 ἁλίσκεται·

293 2626 399 2684 ὅδὲ
423 2629 837 2707 πεπαιδευμείὀς
869 2631 1212 2709 δυσχερανεῖ·
1240 2627 1398 2706 λέγω
1427 2629 1480 2686 δὲ
1506 2628 1585 2686 τὰ
1622 2625 1886 2697 ἀντίθετα,
1926 2628 2017 2687 καὶ
2065 2629 2421 2708 ὁμοιόπτωτα,
2464 2631 2557 2688 καὶ
2603 2647 2744 2709 παρ-

284 2705 594 2784 ονομασίας·
633 2712 838 2776 τούτοις
878 2708 996 2787 γάρ
1036 2693 1060 2765 ὅ
1133 2709 1188 2765 ὲν
1217 2705 1367 2764 κατὰ
1395 2708 1490 2765 τοῦ
1511 2708 1865 2786 προσήκοντος
1894 2709 2063 2785 λόγου
2092 2709 2187 2765 καὶ
2220 2707 2474 2786 ὀλιγάκις
2512 2707 2744 2786 χρήται,

283 2783 592 2862 ἐπιμελείας
621 2783 771 2845 αὐτοὶ
801 2785 991 2860 ἀξιῶν·
1031 2785 1056 2842 ὁ
1109 2786 1132 2842 ὲ
1158 2784 1453 2856 πολλάκις,
1484 2788 1580 2842 καὶ
1610 2782 1705 2844 οὔκ
1724 2782 1983 2859 εὐκαίρως
2006 2785 2096 2843 καὶ
2114 2785 2191 2854 ψυ
2282 2788 2371 2852 ὣς·
2400 2787 2479 2844 Et
2502 2785 2747 2844 adducit

283 2864 616 2942 exemplum
640 2886 654 2920 ε
685 2877 754 2922 ut
774 2864 907 2923 cum
935 2865 1060 2931 τοῦς
1086 2861 1314 2940 ταμίας,
1345 2861 1556 2942 λαμῖας
1584 2875 1775 2922 vocat.
1856 2864 2008 2921 Nam
2032 2883 2162 2940 quae
2181 2865 2218 2921 11
2246 2885 2279 2921 e
2296 2864 2371 2921 de
2392 2863 2745 2934 Menandro,

283 2941 360 3000 ad
388 2941 732 3000 Terentium
759 2943 882 3000 fere
910 2943 1102 3002 omnia
1127 2941 1331 3000 referri
1359 2954 1623 3019 possunt.
1692 2943 1762 3000 In
1782 2961 1901 3020 quo
1928 2941 2067 2998 nihil
2096 2942 2363 3020 putidum
2392 2952 2500 3011 est,
2530 2953 2632 2999 aut
2656 2942 2745 3000 in-

285 3029 508 3094 eptum.
587 3022 934 3110 Quanquam
965 3019 1148 3078 multa
1173 3039 1306 3098 quae
1333 3021 1574 3088 notavit,
1598 3018 1791 3098 potius
1816 3019 2037 3095 antiqui
2061 3018 2269 3077 comici
2292 3017 2553 3086 virtutes,
2572 3020 2745 3096 quem

288 3093 446 3152 illius
472 3095 548 3152 ‹le
617 3115 694 3153 uo
719 3097 798 3155 ibt
831 3097 1134 3174 judicavit,
1163 3099 1302 3156 vitia
1329 3098 1624 3158 censenda
1662 3109 1817 3156 sunt.
1914 3098 2195 3174 Princeps
2234 3095 2387 3152 enim
2428 3096 2581 3152 inter
2616 3095 2747 3154 illos

291 3172 424 3238 suit·
455 3183 516 3230 et
541 3191 574 3229 8
642 3173 804 3250 leges
831 3195 928 3233 eas
953 3174 1122 3252 plane
1148 3195 1212 3232 se
1231 3177 1577 3254 composuit.
1656 3176 1830 3242 Quod
1859 3176 1933 3235 de
1964 3175 2172 3232 Plauto
2201 3191 2371 3231 nemo
2398 3171 2573 3230 dicet.
2640 3171 2749 3231 Est

290 3261 354 3310 et
381 3248 676 3328 frigidum,
722 3253 879 3329 quod
907 3252 1080 3328 longe
1106 3253 1178 3310 ab
1206 3273 1276 3310 eo
1305 3257 1490 3324 abest,
1560 3255 1679 3312 uod
1704 3267 1808 3312 aut
1828 3273 1975 3320 esse,
2004 3262 2107 3311 aut
2133 3269 2303 3330 posse
2329 3249 2455 3308 fieri
2486 3260 2748 3328 putatur.

294 3329 488 3394 Quale
515 3342 626 3398 est,
643 3351 846 3409 pugno
857 3333 1154 3409 frangere
1191 3330 1487 3409 elephanto
1520 3275 1832 3400 grachium,
1872 3330 2091 3391 ΙιονίοΙᾶ
2128 3331 2187 3390 in
2217 3327 2409 3388 coelum
2434 3328 2749 3406 pervenire.

285 3407 397 3466 ‘Est
425 3419 486 3466 et
513 3406 810 3485 frigidum,
840 3409 978 3468 cuin
1005 3409 1088 3466 ita
1114 3409 1150 3464 a
1175 3408 1440 3467 familiari
1467 3429 1735 3468 sermone
1764 3411 1950 3468 oratio
1978 3409 2219 3478 recedit,
2251 3417 2318 3465 ut
2344 3406 2418 3464 ad
2442 3425 2606 3465 usum
2626 3425 2747 3464 am-

286 3484 438 3564 plius
465 3486 764 3545 transferri
792 3498 1069 3565 nequeat.
1152 3487 1298 3544 Tale
1325 3498 1414 3545 est
1441 3487 1585 3546 illud
1614 3486 1827 3545 ibidem
1851 3510 1867 3546 ε

543 3565 593 3612 Si
615 3574 722 3613 ante
742 3567 892 3614 lucem
914 3567 980 3613 ire
1001 3565 1195 3628 occipias
1217 3561 1242 3611 ὶ
1263 3581 1368 3612 meo
1386 3567 1532 3628 primo
1554 3567 1749 3621 nomine,

546 3627 830 3678 concubium
854 3632 912 3678 sit
931 3631 1092 3686 noctis,
1113 3630 1370 3692 priusquam
1394 3631 1450 3676 ad
1469 3639 1747 3692 postremum
1770 3631 2043 3693 perveneris.

367 3691 596 3752 Crescit
623 3705 819 3752 tamen
845 3693 1146 3771 frigidum,
1174 3692 1310 3751 cum
1339 3692 1505 3751 addit
1530 3695 1697 3763 alter,

545 3771 674 3833 Opus
695 3771 794 3820 sace
813 3782 884 3820 est
905 3785 952 3820 et
974 3771 1138 3820 viatico
1161 3771 1217 3818 ad
1237 3781 1364 3820 tuum
1387 3788 1569 3828 nomen,
1594 3779 1647 3819 ut
1667 3780 1715 3819 ιιι
1736 3771 1967 3835 praedicas.

368 3836 518 3899 Quae
543 3835 590 3891 si
617 3837 827 3912 pedem
859 3854 1038 3893 unum
1066 3847 1235 3893 extra
1276 3855 1510 3894 scenam
1554 3835 1727 3904 feras„
1769 3835 2034 3914 protinus
2074 3836 2403 3914 putiscent=
2446 3853 2637 3925 neque
2676 3831 2753 3892 ad

289 3930 460 3968 usum
489 3913 760 3990 applicari
791 3926 1131 3991 potuerunt.
1213 3914 1426 3980 Qualia
1451 3933 1564 3972 nec
1597 3912 1817 3991 Scipio,
1846 3932 1956 3972 nec
1985 3913 2221 3982 Laelius,
2262 3913 2373 3971 flos
2413 3909 2752 3979 nobilitatis,

291 3987 386 4046 vel
436 3987 495 4045 in
541 3993 714 4047 scena
757 3993 1194 4070 approbassent.
1298 3991 1647 4051 Plutarchus
1676 3991 1840 4050 certe
1870 4003 2041 4049 extra
2078 3991 2400 4050 liberalium
2430 3989 2659 4049 theatra
2684 4007 2755 4047 ac

291 4066 624 4134 doctorum,
655 4067 834 4125 libere
863 4069 1105 4147 relegat.
1186 4069 1444 4128 Ridiculi
1473 4070 1629 4128 enim
1660 4088 1729 4126 ac
1756 4069 1940 4146 inepti
1969 4081 2125 4139 sunt,
2148 4069 2246 4148 qui
2266 4066 2509 4146 plebeiis
2531 4063 2757 4128 tantum

289 4143 473 4203 scribi
502 4146 841 4204 comoediam
870 4147 1241 4214 existimant;
1290 4147 1427 4206 cum
1461 4167 1578 4206 non
1607 4144 1795 4204 minius
1822 4145 2065 4205 eruditis
2091 4147 2397 4206 scribatur.
2492 4145 2669 4214 Quod
2697 4155 2759 4204 et

291 4221 546 4281 Flaccus
573 4223 776 4292 scivit;
804 4226 898 4302 qui
932 4246 1046 4283 non
1076 4225 1200 4284 sine
1229 4226 1425 4296 causa,

555 4297 782 4356 Creditur,
804 4317 862 4350 ex
883 4305 1029 4350 medio
1051 4306 1156 4366 quia
1177 4319 1249 4351 res
1271 4304 1469 4358 arcessit,
1491 4303 1655 4352 habere

553 4365 746 4411 Sudon's
761 4366 1026 4425 minimum3
1050 4369 1129 4416 sed
1150 4370 1281 4415 babet
1305 4365 1545 4416 Comoedia
1566 4367 1694 4416 tanto

555 4429 670 4477 Plus
689 4431 854 4485 oneris,
875 4431 1042 4492 quantia
1059 4433 1210 4480 venie
1229 4433 1397 4480 minus.

366 4492 608 4553 Deinde
635 4504 856 4564 autem,
887 4495 1082 4554 Plauti
1105 4507 1168 4554 et
1189 4495 1444 4554 Dosseni
1470 4495 1655 4553 utitur
1676 4493 1973 4585 exemplo,
1996 4513 2143 4572 quos
2168 4507 2404 4551 securos
2428 4488 2505 4546 de
2524 4483 2765 4563 Judiciis

287 4571 600 4634 doctorum
629 4572 734 4632 ait.
815 4572 898 4631 Et
923 4572 1054 4632 haec
1079 4572 1158 4632 ad
1183 4573 1464 4642 divinum,
1493 4583 1561 4630 ut
1592 4575 1714 4650 Jam
1742 4573 1888 4641 dixu,
1916 4591 1987 4630 ac
2014 4573 2319 4628 subactum
2342 4565 2399 4620 in
2430 4565 2521 4624 his
2548 4563 2765 4642 princi·

288 4669 443 4729 pem,
471 4653 646 4728 cujus
670 4670 788 4710 nec
820 4651 1114 4729 judicium
1141 4670 1252 4710 nec
1278 4661 1625 4710 coeterorum
1653 4650 1925 4728 ignorare
1951 4649 2019 4706 est
2056 4654 2403 4721 tempestate
2446 4645 2660 4722 potuit,
2701 4654 2767 4700 et

289 4733 458 4806 cujus
495 4730 792 4808 ⁸iudicium
821 4729 1012 4790 vereri
1051 4729 1370 4800 debuisset,
1411 4727 1524 4788 nisi
1562 4727 1717 4788 idem
1758 4727 2003 4786 aliorum
2028 4723 2251 4781 suisset.
2330 4720 2467 4779 Jam
2496 4721 2597 4780 illa
2622 4719 2765 4796 Epi-
