3067 4959
1254 593 1744 652 mummulo

658 795 2346 984 GALLIARUM

1029 1111 1958 1233 DELPHINO,

764 1388 1349 1480 LUDOVICI
1407 1385 1830 1476 MAGNI
1885 1381 2233 1474 FILIO.

376 1733 607 1810 TER
621 1729 780 1806 EN
786 1732 913 1805 TI
914 1731 1099 1806 ΠΜ
1112 1723 1311 1815 Tibi,
1340 1723 1759 1802 Damnum
1785 1723 2312 1811 Senemssmn,
2339 1747 2509 1800 cum
2535 1719 2736 1800 notia

272 1883 367 1932 ac
402 1855 957 1931 commentariis
988 1853 1251 1926 recens
1286 1850 1598 1938 editum,
1631 1851 1743 1936 ea,
1783 1849 1930 1948 qua
1962 1869 2094 1947 par
2125 1859 2260 1935 est,
2299 1849 2732 1937 reverentia,

286 1981 569 2068 offa-03
620 2001 915 2063 munna,
958 1989 1049 2050 ut
1080 1995 1315 2072 spere,
1366 1997 1519 2047 non
1552 1974 1920 2069 ingratum
1951 1995 1971 2045 ε
2041 1983 2200 2046 tum
2237 1974 2412 2070 quia
2445 1985 2614 2046 tuos
2663 1975 2742 2046 in

291 2126 477 2176 usus
511 2110 847 2199 paratum
876 2109 1003 2184 est,
1040 2109 1193 2170 tum
1222 2097 1395 2195 quia
1426 2117 1668 2190 genus
1687 2095 1828 2168 hoc
1853 2099 2334 2170 amoeniorum
2369 2093 2744 2172 literarum

285 2225 555 2298 lubens
588 2247 679 2296 ac
714 2220 923 2296 laetus
957 2222 1263 2320 excipis,
1321 2219 1602 2308 Quanti
1628 2225 1926 2319 poetam
1963 2221 2162 2294 hunc
2183 2221 2228 2294 ὲ
2255 2223 2522 2296 teneris
2555 2218 2748 2322 pene

286 2346 719 2446 unguiculis
768 2345 1169 2431 aestimariS,
1224 2355 1379 2418 tam
1428 2345 1772 2417 omnibus
1819 2355 2082 2418 notum
2126 2349 2266 2434 est,
2315 2343 2536 2446 quam
2575 2341 2750 2422 Tibi

288 2473 723 2571 gloriosum.
848 2469 1097 2568 Hujus
1142 2467 1265 2542 Tu
1316 2461 1602 2542 fabulas
1653 2468 2017 2542 nocturna
2068 2467 2480 2571 diurnaque
2529 2497 2756 2548 manu

288 2598 663 2685 versabas»,
694 2595 977 2694 lepidos
1010 2595 1289 2692 ubique
1324 2593 1509 2668 sales
1543 2591 1734 2667 belle
1771 2589 1991 2692 {supra
2025 2605 2316 2700 aetatem
2353 2594 2754 2686 mirabar-ia,

290 2735 377 2798 et
440 2735 595 2796 tam
646 2719 955 2795 venuste
1020 2720 1407 2804 recitabaS,
1462 2719 1684 2816 quam
1747 2717 1870 2791 ille
1921 2719 2308 2818 scripserat
2356 2719 2759 2820 elegantes.

302 2847 537 2921 Hunc
574 2870 753 2943 ergo
790 2845 1033 2941 Regio
1066 2844 1347 2916 nomini
1382 2854 1517 2915 tuo
1549 2843 2096 2918 inscribendum
2132 2845 2336 2934 duxi,
2373 2871 2594 2944 quem
2633 2841 2758 2920 Tu

296 2995 459 3070 prae
486 2972 771 3044 caeteris
796 2969 1089 3042 Latinae
1111 2967 1387 3064 linguae
1412 2967 1834 3040 auctoribus
1869 2967 2190 3042 didicisti
2212 2998 2234 3057 3
2291 2981 2378 3040 ut
2403 2981 2764 3066 quantum

304 3093 487 3166 Tibi
524 3091 773 3165 attulit
807 3091 1087 3164 fructus
1122 3101 1200 3164 et
1221 3089 1638 3188 voluptatis,
1669 3101 1956 3165 tantum
1986 3093 2056 3165 ei
2089 3091 2348 3186 gratiae
2373 3089 2642 3165 referas
2677 3117 2766 3168 ac

300 3214 656 3317 praesidii.
762 3213 838 3288 Is
890 3215 1084 3288 enim
1124 3213 1279 3312 jam
1331 3238 1431 3300 ea,
1480 3215 1898 3289 Damnum
1935 3215 2460 3304 SERENISSIME,
2500 3217 2627 3318 qui
2661 3217 2770 3291 in-

301 3342 527 3442 genia
576 3349 855 3438 quanta
904 3338 1075 3426 sint,
1136 3337 1325 3412 tanti
1382 3338 1746 3430 aestimes3
1819 3350 1897 3413 et
1947 3339 2332 3414 doctorum
2387 3339 2770 3417 hominum

296 3465 579 3568 ‚famam
616 3475 751 3538 tuo
783 3487 933 3535 non
962 3466 1253 3536 tanfflm
1288 3464 1721 3560 patrociniO,
1753 3464 1882 3538 sed
1911 3465 2127 3538 etiam
2152 3463 2443 3562 judicio
2476 3465 2772 3542 tuearis.

315 3591 521 3664 Hinc
555 3587 662 3674 fit,
716 3601 805 3661 ut
856 3613 1123 3686 magna
1174 3587 1742 3675 commendatio,
1798 3613 2145 3687 magnum
2184 3587 2420 3662 laudis
2453 3591 2774 3688 publicae

312 3712 825 3812 praejudicium
865 3715 985 3801 sit,
1024 3713 1195 3786 Tibi
1234 3712 1564 3786 nondum
1606 3712 2052 3788 adolescenti
2088 3713 2470 3810 placuisse.
2549 3711 2780 3800 Quod

319 3837 616 3935 quidem
652 3839 729 3908 in
763 3837 876 3910 Te
909 3839 1254 3936 praestitit
1288 3837 1576 3934 sapiens
1609 3861 1698 3910 ac
1734 3837 1986 3911 sedula
2021 3837 2358 3935 pueritiae
2393 3847 2543 3912 tuae
2575 3837 2779 3910 insti-

318 3960 536 4034 tutio.
644 3959 1089 4059 Quanquam
1127 3963 1321 4035 enim
1359 3963 1552 4034 inest
1578 3961 1748 4033 Tibi
1787 3960 2144 4060 quidquid
2177 3962 2480 4034 summis
2513 3963 2780 4059 princi-

316 4083 547 4184 pibus
578 4082 908 4158 conferre
944 4083 1243 4158 fortuna
1278 4095 1409 4158 aut
1434 4097 1696 4158 natura
1729 4094 2001 4183 potest,
2030 4082 2377 4156 natalium
2409 4083 2778 4185 splendor,

316 4219 399 4281 et
430 4205 662 4304 longa
695 4232 947 4306 regum
979 4211 1163 4283 serie
1192 4207 1416 4282 ducta
1442 4211 1732 4307 generis
1761 4205 2147 4295 claritudo,
2182 4209 2522 4304 dignitati
2549 4209 2786 4282 forma

320 4332 796 4418 conveniensi,
848 4333 1100 4408 vivida
1134 4333 1529 4431 erectaque
1571 4333 1880 4420 indoles,
1934 4331 2119 4405 mira
2151 4333 2428 4430 ingenii
2464 4353 2787 4406 morum-

320 4477 471 4553 que
516 4453 861 4544 felicitae,
897 4456 1127 4530 virtus
1175 4457 1469 4557 propria
1518 4479 1738 4554 quam
1792 4477 2162 4542 exerceas,
2215 4464 2520 4547 paterna
2565 4473 2790 4543 quam

1139 4564 1774 4675 ffilssssvlss
2375 4571 2488 4633 ⁸²
