3067 4959
368 312 513 378 xcvi
1252 301 1996 373 PROLEGOMENA.

452 468 583 546 hg
627 542 750 593 Itan·
774 540 1004 603 Chry-m
1035 542 1169 591 hem!
1205 558 1289 593 nos
1306 544 1484 609 quidem
1506 544 1584 607 pol
1605 544 1807 592 miserias
1827 542 2034 607 perdidit.

374 609 659 747 Uliibcsllm
686 630 716 668 ε
743 618 947 687 pereat
972 606 1031 665 in
1065 608 1323 689 Chrysis,
1350 608 1786 689 pronunciabis‚
1820 606 2024 687 Chryr'
2043 604 2192 665 laem.

526 707 543 745 ι
588 707 679 747 em

630 728 819 829 Seinper
838 764 959 811 enim
981 764 1099 813 dieta
1120 768 1308 829 est-eius
1328 766 1441 822 haee,
1464 773 1600 828 atque
1619 765 1767 813 habita
1787 772 1858 812 est
1879 778 2026 811 soror.

456 828 974 889 Pronunciandum
1015 840 1106 887 est
1123 831 1223 908 ju'
1248 830 1371 891 liaec
1398 849 1515 888 una
1542 830 1766 907 syllaba
1795 848 1899 905 per
1923 824 2237 905 synizesin,
2263 842 2370 884 seu
2398 826 2850 887 considentium.

376 908 498 971 Sed
536 907 822 985 exemplis
850 924 1051 984 parco,
1078 918 1218 967 sunt
1244 908 1397 966 enim
1428 906 1896 966 innumerabilia.
1978 904 2161 978 Hinc,
2205 903 2396 963 obiter
2421 904 2638 977 dicam,
2670 906 2850 967 facile

372 988 567 1049 discas
594 1006 726 1065 quae
752 984 911 1063 apud
948 997 1177 1045 veteres
1206 986 1452 1047 Latinos
1488 984 1927 1067 pronunciandi!
1955 983 2136 1042 fuerit
2171 982 2341 1055 ratio,
2380 994 2441 1042 et
2479 996 2850 1065 quantopere

374 1067 476 1125 illa
503 1066 610 1123 sub
640 1066 678 1125 J
684 1063 804 1123 ulio
830 1074 893 1121 et
920 1062 1251 1123 Octaviano
1280 1064 1609 1125 Caesaribus
1635 1062 1858 1123 variare
1885 1061 2152 1141 coeperit.

457 1141 857 1211 considentis,
880 1160 1007 1211 seu,
1030 1153 1097 1200 ut
1118 1141 1345 1203 Groecis
1367 1142 1604 1213 dicitur,
1625 1162 1654 1201 s
1696 1140 1929 1209 nizesis,
1945 1140 2072 1199 aliis
2092 1140 2418 1219 synaeresis,
2447 1140 2509 1199 in
2533 1140 2626 1199 his
2653 1142 2849 1220 poe'tis

376 1220 846 1301 frequentissima
874 1231 989 1287 est;
1038 1238 1111 1278 ea
1136 1233 1333 1279 autem
1361 1220 1447 1290 fit,
1476 1220 1614 1280 cum
1687 1240 1778 1279 uae
1803 1218 2044 1298 syllabae
2071 1238 2149 1278 ex
2175 1220 2476 1279 vocalibus
2501 1220 2851 1299 compositae

376 1301 438 1359 in
470 1318 641 1360 unam
684 1298 1047 1367 coalescunt,
1075 1299 1174 1355 ubi
1212 1298 1273 1357 id
1301 1318 1393 1358 res
1420 1298 1546 1357 fieri
1576 1300 1852 1378 postulat.
1939 1298 2232 1377 Exempla
2275 1296 2336 1355 in
2375 1298 2604 1358 duabus
2687 1298 2852 1359 rimis

376 1379 590 1439 fabulis
618 1397 692 1436 en
720 1376 848 1445 tibi,
874 1375 979 1435 sed
1008 1375 1083 1435 de
1108 1376 1308 1436 multis
1330 1396 1542 1455 pauca.
1583 1380 1743 1439 Deos
1763 1375 2248 1453 monosyllabum,
2269 1389 2336 1434 ut
2353 1388 2413 1436 et
2430 1398 2553 1437 suo.
2619 1320 2854 1447 ξαιιωι

378 1458 497 1517 diss
540 1456 782 1523 llabum,
818 1454 1234 1531 grandiuscula
1262 1455 1727 1535 tetrasyllabum,
1757 1476 1815 1535 p.
1841 1460 1942 1516 43.
1969 1455 2053 1514 ait
2075 1456 2561 1534 monosyllabum,
2582 1474 2644 1535 p.
2663 1460 2762 1517 26-
2788 1468 2854 1514 et

378 1536 539 1594 alibi.
619 1534 850 1612 ltafiit
878 1532 1360 1611 monosyllabum,
1392 1548 1457 1593 ut
1480 1536 1642 1613 apud
1671 1536 1916 1595 Graecos
1935 1534 2006 1612 μί
2030 1534 2088 1591 in
2111 1534 2190 1593 Ιια
2301 1535 2397 1607 ioe,
2417 1545 2480 1593 et
2497 1533 2852 1593 in.omnibus

250 1615 259 1629 ¹
422 1612 690 1673 raeteritis
718 1609 1157 1689 participiorum
1178 1612 1384 1671 activae
1409 1624 1515 1671 aut
1543 1613 1806 1673 medialis
1831 1612 2052 1683 formae,
2083 1632 2214 1690 quae
2240 1624 2358 1672 sint
2383 1612 2625 1671 secundi
2645 1615 2850 1673 sexus.

378 1634 477 1750 fta
502 1704 564 1751 et
586 1690 693 1749 siet
720 1688 1204 1766 monosyllabum,
1222 1692 1437 1769 possiet
1463 1691 1712 1750 duarum
1739 1692 2034 1751 interdum
2061 1702 2153 1750 est
2177 1692 2556 1771 syllabarum.
2635 1690 2762 1753 Sed
2785 1702 2853 1751 et

380 1770 557 1849 huJus
580 1769 786 1846 figurae
812 1767 1087 1858 exempla
1110 1781 1250 1827 sunt
1274 1770 1435 1849 apud
1462 1770 1774 1849 Virgilium
1801 1769 1943 1831 satis
1971 1769 2176 1829 multa.

458 1848 534 1905 M
563 1848 621 1906 in
650 1844 843 1903 medio
869 1844 1143 1905 dictionis
1170 1846 1426 1919 eliditur,
1455 1869 1514 1928 p.
1534 1852 1596 1913 7.

641 1924 901 1987 Quidquam
920 1924 1147 1983 attine-re,
1170 1927 1421 1977 ninive-ro
1442 1936 1692 1993 spectatum
1715 1927 1839 1977 satis.

462 1990 609 2070 pag·
640 1994 929 2124 {gimo-ro.
952 2068 1101 2127 Dave,
1124 2070 1211 2135 cit.

378 2186 385 2193 .
460 2133 575 2193 Est
598 2144 928 2211 anapaestus
948 2155 967 2191 ε
1008 2154 1209 2195 versus
1232 2148 1429 2197 autem
1459 2150 1551 2198 est
1574 2136 1926 2199 octonarius.

461 2211 607 2290 Pag.
640 2212 1391 2340 ἓξὲὲκέηῐὶιὲεὲἓηεῃοηῗὲεω
1420 2217 1477 2273 in
1507 2214 1970 2343 voctpesgqueurhti,
1997 2214 2270 2343 elidgturz

1050 2307 1063 2337 2
1132 2307 1192 2339 on
1302 2309 1325 2341 ⁸
1346 2309 1421 2343 me
1498 2311 1604 2343 “108
1703 2314 1706 2317 ’
1749 2311 1796 2341 m
1923 2310 1961 2341 18
1979 2310 2018 2342 81
2139 2311 2244 2344 imo.

460 2352 575 2493 {st
597 2353 869 2493 dzgtylus
896 2352 955 2411 in
982 2354 1171 2432 prima
1196 2357 1360 2418 sede.
1496 2379 1661 2419 ersus
1688 2374 1780 2420 est
1805 2311 2148 2419 tqetramssier
2173 2358 2488 2439 perfectus.

516 2452 549 2492 a
594 2474 610 2489 .
719 2474 737 2491 .

550 2453 593 2512 g
640 2509 761 2559 Itan’
785 2508 953 2573 chrys’
976 2513 1079 2562 hem
1094 2514 1119 2561 ἲ
1149 2530 1233 2563 nos
1252 2514 1431 2577 quidem
1452 2518 1529 2579 pol
1551 2516 1735 2565 miseras
1865 2518 1961 2565 'din

463 2575 722 2637 Eliditur
744 2573 772 2633 1
792 2576 857 2637 in
878 2572 995 2647 ille,
1022 2578 1171 2650 illos,
1198 2576 1335 2649 illis,
1378 2584 1486 2640 ὅτε.
1555 2580 1658 2643 Ex
1681 2582 1808 2640 aliis
1829 2580 2200 2661 quibusdam.
2263 2580 2543 2661 Exempl.
2615 2627 2628 2640 .
2654 2586 2716 2655 9,
2751 2586 2846 2653 13,

384 2660 482 2726 31,
523 2660 623 2728 50,
662 2656 762 2725 52,
804 2660 916 2713 ὅτε.
1002 2656 1255 2716 Eliditur
1298 2670 1361 2717 et
1403 2660 1491 2729 D,
1523 2672 1590 2719 ut
1632 2660 1692 2718 in
1721 2660 1996 2719 Eunuch.
2039 2662 2182 2719 Act.
2221 2660 2316 2721 11..
2347 2680 2512 2720 scen.
2599 2662 2648 2721 1.
2728 2660 2852 2719 Eli-

376 2734 545 2803 ‚ditur
563 2752 801 2813 quoque
828 2734 908 2803 R,
938 2747 1005 2797 ut
1030 2738 1181 2795 bene
1208 2736 1245 2793 ὁ,
1272 2734 1499 2797 Faerno
1526 2740 1896 2799 observatum
1924 2738 2056 2798 fuit.
2135 2738 2414 2799 Graviter
2431 2738 2631 2821 itaque
2650 2738 2849 2817 lapsus

384 2823 477 2873 est
497 2812 793 2881 Muretus,
822 2814 925 2892 qui
946 2834 1063 2874 non
1088 2812 1299 2873 viderit
1329 2814 1389 2874 in
1414 2836 1588 2876 versu
1610 2817 1792 2879 AEsch
1838 2818 1899 2889 li,
1918 2836 2093 2896 quem
2111 2816 2237 2909 ipse
2254 2818 2499 2897 profert,
2564 2818 2764 2877 rimam
2785 2816 2850 2875 in

385 2890 649 2985 morphea
679 2888 788 2949 Gr.
816 2894 945 2953 esse
985 2894 1243 2966 brevem,
1272 2906 1514 2973 propter
1541 2896 1600 2956 R
1629 2896 1772 2975 liqui
1815 2915 1909 2955 am
1930 2918 1949 2954 z
1989 2908 2052 2955 at
2095 2916 2153 2954 ui
2177 2895 2266 2956 sic
2293 2908 2404 2956 est.
2543 2896 2656 2955 nde
2681 2895 2851 2972 apud

378 2971 621 3048 poetam
650 2967 949 3043 Groecum,
978 2984 1047 3032 ut
1072 2973 1307 3033 ostendi
1334 2974 1471 3033 olim
1497 2974 1575 3034 ad
1603 2975 1916 3035 Phaedrum
1944 2996 1960 3031 ε
2005 2976 2066 3034 Ρ
2135 2974 2232 3035 rbe
2253 2974 2407 3047 boas,
2429 2974 2636 3056 phet-be
2673 2972 2847 3043 mela,

384 3052 492 3109 dcc.
532 3059 624 3108 est
650 3058 847 3107 autem
878 3051 1309 3112 hexametrum.
1393 3053 1734 3114 Secundum
1765 3052 1911 3111 illud
1931 3052 2141 3134 pherbe
2157 3056 2434 3131 junctum
2465 3074 2598 3113 cum
2623 3052 2850 3133 syllaba

384 3148 453 3187 as
480 3125 741 3187 effecerit
766 3130 1277 3205 palimbacchium,
1308 3132 1410 3210 qui
1437 3152 1542 3211 pes
1567 3132 1738 3211 plane
1764 3132 1838 3191 ab
1865 3131 1982 3191 hoc
2007 3150 2225 3211 genere
2251 3132 2478 3192 alienus
2503 3143 2614 3193 est.

464 3206 649 3266 Elisio
675 3204 969 3267 interdum
998 3209 1157 3267 nulla
1182 3220 1295 3278 est,
1324 3221 1391 3268 ut
1418 3230 1477 3288 p.
1510 3216 1603 3271 10.
1629 3224 1690 3270 et
1716 3208 1854 3270 alibi
1880 3210 2110 3289 soepius.

466 3284 749 3345 Breviant
772 3285 1067 3345 interdum
1096 3286 1311 3345 comici
1348 3306 1482 3365 quae
1520 3289 1620 3346 alii
1688 3288 2002 3359 reducunt,
2031 3301 2097 3348 ut
2121 3290 2164 3361 i,
2193 3289 2254 3349 in
2277 3290 2392 3362 abi,
2421 3311 2480 3369 p.
2511 3293 2606 3349 16.
2635 3286 2746 3357 bia,
2785 3296 2854 3345 et

280 3407 286 3412 -
384 3384 447 3443 p.
472 3368 571 3423 52.
636 3362 732 3421 Ita
759 3362 1072 3423 Terentius
1093 3362 1357 3423 ultimam
1384 3365 1627 3443 corripit
1643 3386 1703 3423 1n
1719 3387 1906 3437 mane,
1935 3388 1995 3445 p.
2021 3372 2121 3440 41,
2149 3368 2378 3447 injube,
2411 3388 2470 3445 p.
2495 3372 2594 3428 51.
2622 3366 2682 3423 in
2704 3374 2856 3437 tace,

385 3460 447 3519 p.
470 3444 573 3512 78,
598 3444 706 3499 &c.
734 3440 892 3517 quia,
914 3452 982 3501 ut
1007 3440 1233 3521 opinor,
1262 3459 1336 3500 ea
1360 3443 1540 3579 νῖἑῗ
1565 3455 1729 3581 ezr-{u
1746 3457 1813 3579 gt
1830 3446 2110 3506 secundae
2127 3460 2192 3507 et
2209 3445 2396 3507 tertiae
2415 3442 2774 3505 inflexionis.

1526 3562 1543 3591 s
1698 3564 1715 3593 ι
1786 3524 1864 3583 E·
2737 3574 2745 3581 ·

467 3595 587 3656 Pro
615 3595 752 3654 ME
779 3594 1056 3655 dicebant
1084 3594 1305 3669 MED,
1334 3608 1401 3656 ut
1429 3599 1573 3657 Act.
1594 3600 1702 3659 lv.
1728 3620 1890 3661 scen.
1919 3602 2030 3661 IV.

375 3704 383 3711 -
642 3672 845 3737 Reliquit
864 3676 969 3723 med
990 3678 1141 3732 homo,
1162 3684 1299 3739 atque
1316 3676 1437 3735 abiit,
1461 3680 1550 3729 ἃς.

468 3737 570 3799 Sic
588 3738 741 3797 enim
770 3738 1004 3799 omnino
1032 3740 1351 3817 legendum
1376 3753 1485 3801 est.
1565 3742 1665 3802 Ita
1693 3744 1938 3805 Plautus
1963 3747 2094 3806 med
2115 3766 2276 3826 erga.

464 3818 561 3877 Ita
584 3816 654 3876 fit
680 3828 742 3875 et
766 3818 869 3878 sed
890 3838 999 3896 pro
1023 3838 1126 3885 se,-
1172 3818 1504 3880 Terentina.
1585 3824 1727 3881 Act.
1757 3824 1861 3884 1v.
1888 3844 2050 3885 scen.
2077 3824 2186 3885 VI.

645 3895 767 3951 Qnae
784 3898 861 3946 sed
882 3893 1117 3947 inhoneste
1140 3898 1311 3961 optavit
1324 3914 1487 3960 parere
1507 3899 1584 3951 hic
1605 3902 1796 3952 divitias.

462 3958 642 4019 IAM
664 3960 1043 4039 dissyllabum
1071 3973 1179 4033 est,
1209 3982 1270 4041 p.
1301 3968 1395 4025 19.

644 4038 818 4097 Profer,
840 4040 947 4091 dum
968 4040 1224 4106 proficiscar
1244 4040 1405 4105 aliqud,
1428 4059 1487 4092 ne
1506 4046 1700 4095 videam.
1721 4048 1824 4097 audi
1844 4062 1965 4095 nunc
1985 4047 2091 4095 iam.

465 4103 575 4163 Est
600 4104 955 4165 trochaicus.
1038 4106 1159 4167 Sed
1185 4105 1301 4167 hoc
1326 4106 1458 4187 plus
1490 4108 1691 4171 decies
1713 4111 1874 4190 apud
1909 4112 2186 4171 Plautum
2223 4108 2506 4174 invenias.
2586 4111 2858 4175 Pron-m-

384 4181 661 4245 ciandum
690 4183 858 4260 qussi
882 4184 935 4243 si
957 4185 1238 4264 scriptum
1268 4199 1423 4246 esset
1462 4190 1626 4247 Yam.

464 4261 605 4321 Hoc
630 4259 691 4317 in
718 4260 919 4339 primis
944 4281 1186 4323 necesse
1205 4276 1295 4323 est
1312 4265 1662 4334 meminisse,
1681 4286 1756 4325 ne
1777 4266 1907 4345 quis
1925 4266 2160 4328 fallatur
2177 4270 2235 4328 in
2253 4269 2555 4329 metiendo
2577 4267 2858 4339 carmine,

376 4337 731 4407 Terentium
752 4340 827 4399 ab
852 4360 971 4401 uno
990 4360 1208 4419 genere
1224 4341 1301 4401 ad
1320 4343 1571 4401 alterum
1593 4344 1885 4404 interdum
1915 4348 2203 4408 transilire
2223 4373 2240 4419 ς
2281 4349 2423 4429 quin
2445 4348 2860 4409 ettrochaicos

380 4420 610 4492 iambis,
653 4429 716 4478 et
754 4418 981 4491 contra,
1027 4418 1113 4479 sic
1156 4420 1579 4493 intermiscere,
1627 4432 1695 4481 ut
1737 4424 1960 4502 absque
2005 4426 2276 4507 diligenti
2321 4428 2754 4500 observatione,
2795 4425 2861 4485 id

380 4498 540 4559 haud
565 4496 739 4557 facile
765 4498 1003 4558 sentias.

462 4577 519 4635 E
525 4578 595 4636 H
598 4575 670 4650 Ο,
698 4587 762 4636 ut
780 4576 907 4637 aliae
928 4576 1195 4657 quaedam
1213 4576 1692 4651 exclamationes,
1714 4578 2166 4659 indignationes,
2189 4582 2655 4665 interjectiones,
2676 4583 2862 4646 inter-

382 4648 527 4712 dum
554 4666 727 4714 extra
752 4668 1003 4717 metrum
1033 4668 1365 4728 censentur,
1397 4667 1463 4715 ut
1486 4676 1549 4734 p.
1576 4664 1674 4717 41.

636 4732 757 4793 Eho,
780 4751 839 4810 Q
860 4752 955 4789 non
976 4736 1081 4789 est?
1114 4732 1240 4787 recte
1260 4750 1350 4802 ego
1366 4750 1543 4802 semper
1561 4737 1662 4805 fugi
1682 4739 1764 4789 hu
1783 4740 1976 4807 nuptias.
