3067 4959
350 328 539 397 xcviii
1216 322 1952 392 PROLEGOMENA

358 488 683 551 διδάσκαλοι
712 500 773 548 et
806 486 1382 567 κωμῳδοδΐᾶσκαλοι,
1412 485 1588 564 quam
1618 482 1824 563 tragici
1854 482 1891 539 ὅ
1917 479 2147 541 Graecis
2175 478 2470 541 dicuntur.
2555 483 2692 543 Nec
2707 504 2838 543 mo-

355 590 492 629 vere
528 568 707 627 risum
734 569 873 627 sane
904 566 1208 626 constituit
1241 564 1613 629 comoediam.
1645 564 1749 621 sed
1771 560 1960 639 plebis
1987 559 2304 637 aucupium
2351 572 2459 631 est,
2499 571 2563 620 et
2597 564 2838 621 abimus.

358 650 511 709 Nam
538 646 868 713 ridiculum,
893 658 957 704 ut
974 646 1133 703 recte
1154 642 1525 721 AristoteleS‚
1545 642 1742 701 vitiam
1764 651 1844 699 est
1862 638 2186 718 etsoedt’tas,
2203 638 2416 699 doloris
2433 660 2636 720 expers
2647 666 2673 710 ,-
2703 662 2838 719 quoe

352 738 573 809 partem
602 728 660 785 in
700 724 923 783 homine
948 722 1033 783 ali
1070 744 1198 781 uam
1246 720 1555 799 corrumpit
1591 720 1808 798 absque
1834 718 2042 777 morbo.
2126 716 2294 776 Sicut
2319 716 2480 776 foeda
2507 730 2566 776 et
2597 718 2838 777 detorta

356 806 557 873 facies,
586 804 635 862 si
664 804 823 861 nullo
849 822 989 861 cum
1057 802 1218 860 olore
1246 800 1303 857 id
1326 799 1447 867 fiat,
1466 798 1644 857 risum
1665 809 1877 855 movet.
1961 795 2138 857 Unde
2159 797 2349 874 ipsum
2373 816 2612 875 quoque
2630 798 2831 867 risum,

360 902 563 944 omnes
592 882 715 949 fere
742 880 1124 959 antiquissimi
1156 876 1485 957 philosophi
1512 877 1814 955 indignum
1841 874 2106 952 sapiente
2136 874 2486 933 ‘adimi-unt.
2558 876 2737 935 Adeo
2767 886 2838 935 ut

362 963 555 1027 Plato,
584 973 858 1039 tanquam
900 958 1273 1042 sacrilegum.
1312 956 1624 1014 traducere
1659 972 1776 1011 non
1807 954 2037 1012 dubitet
2148 972 2408 1011 omarum
2438 953 2546 1032 qui
2569 955 2838 1013 ridentes

362 1039 691 1099 introduxit
710 1039 851 1095 deos
872 1060 888 1105 3
916 1037 1075 1115 quod
1099 1038 1163 1093 in·
1184 1036 1416 1098 homine
1432 1053 1550 1091 non
1569 1032 1642 1108 τῆ
1641 1056 1667 1101 ς
1686 1032 1835 1089 nard
1855 1034 2044 1107 λόγον,
2057 1030 2258 1089 verum
2277 1035 2376 1105 τῆς
2395 1032 2543 1088 κατεῖ
2563 1031 2834 1105 αἴσθησιν,

407 1116 855 1177 uemadmodum
886 1114 1213 1194 philosophi
1232 1114 1572 1192 loquuntur,
1599 1109 1864 1177 διαθέσεος
1883 1110 1958 1168 sit
1979 1110 2211 1187 signum
2233 1135 2251 1179 ς
2277 1108 2311 1166 ὲ
2330 1129 2458 1190 quo
2470 1110 2648 1189 longe
2669 1112 2838 1172 abest

364 1140 511 1257 deus
536 1218 552 1255 ε
594 1190 795 1283 adr-iiii
822 1189 977 1251 οὖα-ἴα
1006 1194 1199 1269 λόγου.
1224 1192 1313 1249 καὶ
1342 1187 1614 1259 αιῖτόνους.
1696 1189 1876 1251 Unde
1895 1188 2178 1268 Thespia:

625 1269 1337 1397 &issaas‘ffisxzffi
1357 1270 1602 1395 θτέῑωε

625 1402 813 1462 ’Δσιὸυ,
832 1402 884 1449 φὶ
900 1400 939 1449 2'
962 1399 1043 1453 ”ie
1058 1401 1209 1463 μῖνος
1228 1354 1590 1461 ιῦιμῖςῖκτιτκι.

446 1469 649 1533 Quare
664 1466 939 1524 divinitus
956 1468 1029 1524 ab
1054 1464 1377 1523 Aristotele
1394 1462 1618 1527 dictum
1640 1471 1750 1530 est,
1772 1472 2002 1539 partem
2024 1458 2402 1544 turpitudinis
2425 1480 2574 1530 esse,
2597 1461 2660 1519 id
2679 1460 2840 1541 quod

370 1557 460 1605 est
489 1544 819 1604 ridiculum.
877 1544 1115 1603 Diserte
1143 1543 1295 1602 enim
1317 1541 1419 1610 ait,
1449 1540 1531 1601 ὅτι
1555 1539 1616 1598 τὸ
1635 1544 1870 1619 γελοῖον,
1899 1541 2080 1618 μόριον
2104 1556 2201 1597 τοο
2231 1540 2476 1617 αἰσχροῦ·
2499 1538 2664 1597 ἐστίν.
2747 1541 2844 1615 lta

372 1642 505 1703 quie
530 1623 621 1681 vel
651 1623 707 1679 in
737 1622 929 1681 verbis
956 1622 1264 1682 authorum
1292 1621 1383 1679 vel
1412 1620 1698 1688 sensibus,
1725 1620 1816 1677 vel
1845 1618 1904 1676 in
1931 1636 2200 1677 sermone
2228 1618 2530 1677 hominum
2557 1631 2616 1677 et
2647 1618 2840 1684 factis,

371 1715 473 1762 aut
502 1700 734 1759 detorta
758 1714 915 1767 sunt,
937 1713 1040 1759 aut
1065 1699 1401 1779 depravata,
1422 1697 1650 1757 animos
1679 1696 1940 1775 plebeios
1961 1698 2338 1755 vehementer
2365 1710 2620 1766 movent,
2641 1710 2704 1757 et
2727 1699 2844 1755 hoc

370 1780 390 1839 i
434 1799 502 1840 so
529 1779 703 1837 risum
734 1793 798 1838 ut
824 1777 1135 1858 plui-imum
1167 1778 1499 1838 excutiunt.
1561 1776 1833 1855 Ideoque
1855 1776 2130 1834 inusitata
2153 1775 2318 1833 dicta
2344 1788 2408 1834 et
2421 1778 2716 1843 obscoena,
2737 1796 2844 1853 op-

374 1872 647 1918 timorum
662 1858 1076 1927 cavillationes,
1100 1855 1461 1936 singulorum
1482 1854 1888 1920 contumelias,
1911 1853 2234 1913 sententias
2251 1872 2569 1931 perversas,
2591 1854 2846 1933 ide6que

376 1938 831 2015 inexspectatus,
860 1936 1092 2014 aliaque
1128 1936 1184 1997 id
1216 1954 1403 2013 genus
1437 1932 1658 2027 (qualis
1693 1932 1943 1992 imitatio
1969 1932 2262 1991 dictorum
2289 1933 2384 1991 vel
2405 1933 2716 2000 factorum,
2760 1946 2842 2001 et,

374 2015 659 2095 imprimis
684 2014 1113 2094 improborum)
1144 2017 1320 2073 risum
1354 2014 1610 2071 maxime
1639 2012 1698 2069 in
1726 2012 2035 2080 comoedia,
2065 2028 2240 2102 quam
2269 2024 2528 2071 veterem
2569 2012 2847 2071 dicebant

378 2115 455 2156 ex
501 2095 738 2155 ressisse
764 2105 1014 2155 constat.
1077 2094 1254 2161 Quod
1282 2092 1638 2168 intelligunt,
1668 2090 1767 2170 qui
1795 2090 2030 2168 genium
2055 2088 2284 2147 ridiculi
2311 2090 2648 2169 intelligunt
2667 2104 2850 2169 atque

379 2117 659 2233 ἰιιὲοἰεηι.
744 2176 928 2250 Cujus
968 2186 1229 2251 segetem
1281 2171 1660 2251 largissimam
1689 2168 1780 2228 vel
1821 2188 1974 2227 unus
2004 2167 2428 2245 Aristophanes
2467 2170 2851 2249 suppeditat;

379 2253 482 2331 qui
510 2270 627 2309 non
656 2250 831 2308 modo
866 2251 1154 2319 Plautum,
1194 2249 1299 2309 sed
1340 2268 1602 2327 quoscun
1651 2268 1726 2307 ue
1751 2247 1864 2305 hac
1891 2248 1948 2305 in
1977 2260 2143 2327 parte
2183 2247 2496 2325 superavit,
2525 2266 2851 2326 omnesque

378 2329 481 2387 τοῦ
503 2324 720 2406 γελοίου
752 2328 955 2386 modos
982 2346 1052 2386 ac
1073 2328 1290 2407 figuras
1312 2326 1624 2407 lepidissim
1689 2325 2000 2404 expressit.
2067 2324 2335 2404 Denique
2364 2336 2430 2383 ut
2455 2337 2717 2394 acetum,
2741 2326 2851 2383 nisi

379 2407 578 2466 vinum
607 2406 681 2464 sit
710 2420 1075 2485 corruptum,
1118 2408 1333 2465 bonum
1380 2426 1676 2485 nunquam
1720 2406 1865 2472 erit3
1911 2404 1994 2463 ita
2021 2424 2154 2483 quae
2177 2404 2403 2463 sincera
2427 2416 2562 2463 sunt
2605 2420 2669 2462 et
2711 2424 2854 2463 vera

380 2485 561 2545 risum
590 2502 888 2562 nunquam
916 2485 1284 2544 excitabunt.
1368 2485 1664 2562 Apposite
1689 2482 2106 2552 Quintilianus,
2149 2484 2248 2541 ubi
2289 2482 2364 2542 de
2405 2482 2725 2542 Ridiculoz
2771 2484 2856 2541 Et

381 2561 608 2639 hercule
632 2563 812 2623 omnis
836 2562 987 2623 salsa
1015 2564 1241 2623 dicendi
1259 2563 1409 2623 ratio
1436 2564 1495 2621 in
1524 2584 1590 2623 eo
1611 2573 1712 2631 est,
1735 2572 1797 2621 ut
1819 2562 1990 2621 aliter
2010 2564 2179 2641 quem
2201 2570 2302 2629 est,
2323 2573 2532 2621 rectum
2551 2580 2856 2643 verumque

385 2643 629 2702 dicatur.
712 2645 912 2708 Quare
948 2652 1008 2700 ct
1056 2641 1415 2719 compositus
1456 2640 1531 2699 ad
1583 2642 1757 2700 risum
1800 2660 2012 2711 sermo,
2042 2641 2114 2698 ab
2143 2640 2410 2699 oratione
2451 2644 2633 2711 recta,
2675 2660 2853 2719 quam

384 2720 668 2793 πολιτικὴν
687 2720 945 2797 magistri
968 2732 1200 2789 vocant,
1230 2720 1401 2817 quam
1430 2720 1767 2799 longissime
1795 2722 1968 2779 abeat
1989 2738 2230 2778 necesse
2251 2732 2340 2778 est
2363 2740 2380 2779 ι
2423 2727 2590 2798 cujus
2607 2718 2856 2797 propi-im

386 2798 653 2872 virtutes,
681 2796 717 2874 η’
746 2798 1035 2873 σαφήνεια,
1065 2796 1096 2875 ἦ
1124 2798 1396 2871 Enniana,
1424 2796 1457 2875 ἡ
1502 2795 1757 2873 ἀῲὲλεια,
1804 2796 1837 2873 η’
1877 2794 2127 2873 ἀλήθεια,
2153 2798 2549 2878 perspicaciter,
2589 2799 2854 2874 aequitas,

387 2876 737 2957 simplicitas,
766 2879 995 2945 veritas.
1025 2892 1341 2957 ponuntur.
1422 2880 1558 2945 Qua
1602 2880 1660 2937 in
1703 2891 1870 2956 parte
1909 2896 2088 2955 supra
2125 2876 2564 2937 admirationem
2593 2876 2856 2936 omnium

390 2956 723 3016 Menander
751 2957 907 3035 apud
936 2958 1198 3027 Graecos,
1224 2958 1536 3017 Terentius
1567 2958 1849 3017 Romanis
1875 2954 2055 3015 fuerit
2081 2975 2324 3015 necesse
2345 2970 2470 3017 est:
2511 2956 2606 3036 qui
2631 2968 2693 3013 ut
2716 2953 2857 3012 viris

389 3035 750 3115 sapientibus
777 3055 848 3096 ac
876 3036 1117 3096 eruditis
1141 3039 1499 3129 voluptatem
1571 3034 1724 3097 otius
1751 3034 2041 3103 afferrent,
2061 3034 2233 3113 quam
2255 3036 2490 3113 quacun
2533 3056 2608 3093 ue
2628 3033 2856 3091 ratione

393 3115 570 3175 risum
600 3120 1041 3208 extorquerent,
1073 3117 1151 3176 du
1196 3116 1293 3175 lici
1334 3120 1517 3195 jucun
1565 3116 1707 3175 itate
1750 3114 2058 3174 utilitatem
2090 3112 2443 3185 (imitatione
2471 3128 2606 3175 vitae
2630 3112 2858 3171 scilicet

391 3194 681 3264 humanae,
711 3210 773 3255 et
798 3195 1124 3254 inimitabili
1172 3198 1380 3274 epore)
1410 3194 1780 3253 condierunt.
1823 3194 1998 3252 Metu
2025 3191 2178 3251 enim
2213 3192 2620 3253 Macedonicae
2648 3203 2859 3270 poten-

393 3272 511 3344 tiae,
538 3274 774 3333 licentia
801 3272 947 3333 Anti
993 3292 1099 3341 uae,
1131 3284 1197 3331 ut
1225 3274 1535 3331 observant
1563 3272 1773 3342 critici,
1795 3272 2036 3331 defecit.
2117 3271 2301 3349 Cujus
2319 3270 2512 3331 locum
2543 3268 2861 3349 occupavit

396 3350 586 3410 Nova.
672 3354 854 3428 Cujus
875 3364 935 3410 et
956 3356 1199 3409 toi-mam
1230 3350 1486 3409 nondum
1514 3351 1750 3427 penitus
1773 3350 1984 3409 vidisse
2011 3350 2353 3419 absolutam,
2375 3349 2476 3407 sed
2495 3352 2618 3426 Jani
2639 3366 2862 3407 conce·

394 3426 549 3505 pisse
578 3430 789 3499 animo,
822 3441 1060 3507 putatur
1090 3428 1461 3487 Aristoteles.
1543 3426 1686 3502 Ejus
1716 3428 1852 3486 vero
1881 3427 2116 3487 unicum
2147 3428 2530 3509 propositum,
2568 3426 2864 3485 humanos

394 3504 563 3565 nosse
590 3518 769 3583 atque
805 3506 1017 3564 imitari
1060 3526 1271 3565 mores.
1350 3506 1483 3572 Quo
1514 3517 1576 3565 et
1607 3506 1685 3565 D.
1727 3508 1975 3565 Hieron.
2017 3506 2286 3585 Epistola
2323 3508 2396 3566 ad
2438 3504 2860 3575 Furiam,⁴De-

396 3580 679 3643 viduitate
700 3584 1003 3654 servanda,
1033 3584 1291 3664 respicit,
1322 3581 1455 3642 cum
1484 3584 1694 3663 inquit,
1725 3586 1850 3645 Nec
1876 3586 2101 3656 mirum,
2129 3586 2232 3647 hoc
2247 3584 2502 3668 figulum
2529 3584 2766 3647 sensisse
2789 3584 2864 3642 de

394 3660 638 3730 vasculo,
706 3662 821 3721 uod
842 3660 961 3739 ipse
982 3662 1320 3739 ,fabricatus
1346 3672 1449 3729 est,
1477 3661 1598 3723 cilm
1628 3665 1796 3723 etiam
1825 3664 2083 3736 comicus,
2125 3670 2286 3745 ciy‘us
2301 3666 2456 3745 finis
2481 3676 2564 3725 est
2588 3662 2863 3723 humanos

394 3760 576 3803 mores
602 3683 761 3800 asise
786 3749 957 3831 atque
982 3740 1315 3811 describere,
1342 3742 1554 3801 dixerit
1580 3759 1602 3794 ··
1649 3740 1791 3803 Sine
1839 3744 2048 3803 Cerere
2087 3752 2142 3802 et
2183 3744 2397 3804 Libero
2419 3744 2618 3825 friga
2661 3742 2712 3801 V
2706 3761 2862 3800 enus.

397 3818 605 3878 Omnis
632 3831 826 3877 autem
856 3817 1123 3885 imitatio,
1150 3832 1213 3877 ut
1236 3831 1439 3897 postea
1465 3819 1729 3881 dicemus
1749 3821 2030 3901 pluribus,
2055 3824 2264 3881 natura
2325 3823 2481 3883 lacet
2502 3836 2562 3881 et.
2581 3820 2861 3880 delectat.

398 3896 540 3956 Hoc
566 3897 721 3955 enim
751 3896 1046 3976 proprium
1076 3909 1165 3956 est
1191 3898 1560 3967 lioininis,.ut
1589 3900 1750 3959 recte
1779 3900 2163 3959 Aristoteles:
2209 3921 2311 3981 qui
2339 3914 2398 3961 et
2419 3898 2862 3979 μιμητικώτατος

394 3978 507 4033 τῶν
539 3974 687 4043 ζώων
715 3975 925 4036 merito
952 3978 1026 4036 ab
1056 3996 1127 4035 eo
1154 3976 1388 4035 dicitur.
1466 3978 1508 4038 J
1512 3978 1604 4037 oci
1632 3978 1789 4047 vero,
1818 3978 1868 4039 si
1895 3990 2170 4057 petantur
2213 3980 2495 4059 undique,
2527 3978 2754 4037 molesti
2793 3994 2866 4034 ac

394 4052 612 4131 frigidi.
641 4066 743 4113 aut
775 4056 1089 4115 theatrales
1111 4055 1277 4125 fiunt,
1306 4055 1353 4113 si
1382 4056 1416 4113 εὶ
1442 4056 1562 4115 vita
1586 4056 1700 4117 sint
1731 4057 1923 4117 alieni.
1965 4058 2084 4123 Qui
2104 4072 2168 4117 ut
2190 4059 2349 4140 plebi
2379 4058 2552 4127 forte,
2574 4062 2656 4117 ita
2675 4052 2868 4115 doctis

396 4130 635 4270 placere
656 4152 727 4191 ac
748 4132 1107 4211 sapientibus
1130 4155 1243 4193 non
1274 4149 1536 4213 possunt.
1581 4136 1920 4196 Constantis
1947 4135 2100 4194 enim
2121 4139 2228 4196 viri
2251 4158 2323 4197 ac
2343 4138 2623 4215 sapientis
2643 4133 2870 4195 animus

419 4211 582 4269 axari
612 4212 755 4281 vult,
787 4232 899 4270 non
929 4212 1091 4271 solvi.
1176 4214 1342 4273 Illam
1371 4226 1567 4272 autem
1599 4215 2098 4286 constitutionem,
2129 4215 2222 4275 καὶ
2245 4213 2362 4289 τὴν,
2392 4229 2459 4275 ut
2487 4236 2622 4275 cum
2655 4211 2872 4274 Stoicis

400 4292 498 4350 hic
526 4290 753 4370 loquar,
782 4292 837 4347 ἐν
864 4288 1046 4369 ταύτῷ·
1080 4293 1177 4351 ro?
1211 4291 1362 4365 ἤθους
1390 4292 1559 4369 μωνήν
1589 4293 1736 4352 risus
1773 4294 1964 4353 solvit.
2043 4298 2237 4362 Quem
2282 4295 2562 4374 praeclare
2599 4293 2698 4367 τῆς
2725 4313 2874 4371 περι·

394 4368 634 4451 χαρεὶας
665 4366 1020 4449 &spingos-iv
1046 4372 1145 4445 τῆς
1172 4370 1437 4451 ψυχικῆς,
1460 4370 1686 4450 antiqui
1713 4384 1947 4431 vocant.
2027 4374 2134 4433 Ide
2215 4394 2290 4435 ue
2317 4387 2380 4435 et
2409 4372 2697 4434 Socratici
2725 4390 2874 4450 quo-

394 4469 523 4508 rum
555 4448 685 4508 libri
713 4450 1053 4529 penuarium
1084 4450 1347 4529 leporum
1378 4450 1635 4509 omnium
1665 4448 1923 4520 fuerunt,
1952 4470 2024 4511 ac
2041 4452 2411 4525 facetiarum,
2441 4454 2602 4531 quod
2621 4454 2652 4512 ὲ
2673 4452 2876 4510 Xeno-

396 4528 619 4603 phonte
638 4538 697 4587 et
718 4528 963 4589 Platone
978 4529 1150 4588 etiam
1171 4530 1284 4589 hoc
1304 4542 1572 4607 tempore
1585 4542 1847 4609 apparet,
1863 4530 2321 4613 χαριεντὶζεσθαι,
2339 4552 2457 4592 non
2469 4532 2877 4610 γελωτοποιεῖν,

394 4605 607 4665 solent.
679 4609 775 4667 Ac
796 4628 873 4667 ne
898 4608 1009 4687 ipsi
1036 4609 1272 4701 quidem
1305 4608 1509 4680 Siculi,
1532 4610 1606 4668 ad
1633 4608 2008 4669 festivitatem
2041 4612 2181 4679 nati,
2203 4622 2266 4670 et
2336 4610 2395 4671 ui
2423 4611 2592 4687 primi
2615 4609 2878 4669 omnium

396 4684 703 4771 copioediae
728 4697 1013 4764 putantur
1050 4700 1400 4758 inventores,
1430 4688 1608 4747 alium
1635 4688 1788 4747 illius
1816 4688 2009 4759 finem,
2053 4689 2231 4765 quam
2255 4710 2320 4747 το
2344 4688 2650 4769 χρήσιμον,
2674 4688 2736 4749 id
2762 4700 2877 4759 est,

388 4756 730 4831 utilitatem,
760 4779 1102 4840 posuerunt.
1186 4768 1282 4827 Dc
1316 4766 1672 4845 Epicharmo
1693 4766 2046 4826 Theocritus
2067 4786 2084 4819 ε
