3067 4959
1235 328 1881 400 TERENTIANA.
2630 340 2789 403 xxiii

304 508 404 557 tur
444 494 806 572 comoediam
849 494 1094 557 Cincius
1131 506 1196 556 et
1235 494 1531 555 Faliscus:
1582 493 1929 573 tragoediam
1977 494 2273 557 Minutius
2308 508 2371 557 et
2412 497 2781 559 Prothonius.

303 575 601 635 Omnium
629 586 826 635 autem
853 574 1276 634 comoediarum
1305 575 1526 653 scripta
1551 594 1628 633 ex
1668 583 1923 651 quatuor
1958 576 2135 634 rebus
2174 576 2421 635 omnino
2453 590 2783 649 sumuntur,

302 654 574 725 nomine,
595 654 750 725 loco,
767 653 948 723 facto,
967 666 1204 713 eventu.
1249 653 1525 721 Nomine,
1548 664 1614 711 ut
1640 651 1933 723 Phormio,
1959 653 2220 731 Hecyra,
2245 654 2561 733 Gurgulio,
2586 656 2783 734 Epidi-

305 752 438 792 cus.
520 733 712 803 Loco,
739 744 808 791 ut
835 732 1086 803 Andria,
1115 731 1436 802 Leucadia,
1468 730 1859 789 Brundusina.
1938 731 2140 802 Facto,
2170 744 2237 790 ut
2276 732 2624 805 Eunuchus,
2654 734 2789 792 Asi·

301 810 498 883 naria,
549 810 804 891 Captivi.
900 811 1158 881 Eventu,
1208 809 1695 880 Commorientes,
1742 808 2023 887 Adelphi,
2064 811 2785 871 Heautontimorumenos.

306 888 758 951 Comoediarum
781 888 988 947 ἴοι-ωε
1011 900 1150 949 sunt
1177 900 1334 949 tres:
1379 887 1663 957 Palliatoe,
1692 889 1970 947 Graecum
1994 888 2259 948 habitum
2300 889 2593 949 ferentes:
2638 909 2784 967 quas

302 969 578 1027 nonnulli
607 968 998 1027 Tabernarias
1023 981 1254 1028 vocant.
1334 969 1583 1045 Togatae
1616 968 1791 1043 juxta
1818 965 2061 1023 formam
2090 986 2487 1045 personarum,
2517 968 2783 1027 habitum

303 1058 588 1125 togarum
617 1046 1042 1106 desiderantes.
1121 1046 1460 1114 Attellanae,
1488 1044 1705 1103 salibus
1724 1054 1785 1105 et
1801 1042 1957 1119 jocis
1976 1048 2332 1124 compositae,
2348 1066 2479 1125 quae
2498 1046 2557 1104 in
2579 1066 2643 1105 se
2661 1051 2781 1105 non

299 1126 528 1185 habent
547 1124 662 1184 nisi
675 1135 970 1184 vetustam
979 1124 1348 1203 elegantiam.
1395 1122 1703 1183 Comoedia
1718 1134 1913 1181 autem
1932 1122 2209 1182 dividitur
2228 1125 2284 1183 in
2298 1136 2547 1203 quatuor
2564 1137 2778 1202 partes,

303 1203 486 1263 Prolo
529 1224 656 1275 um,
690 1203 984 1275 Protasin,
1011 1203 1299 1283 Epitasin,
1330 1201 1781 1278 catastrophen.
1862 1201 2149 1278 Prologus
2176 1214 2267 1262 est
2292 1204 2480 1281 prima
2504 1202 2707 1273 dictio,
2746 1204 2793 1260 a„

303 1283 540 1342 Graecis
580 1282 752 1341 dicta
793 1282 1086 1361 πρόλογος,
1127 1282 1188 1341 id
1236 1292 1346 1351 est,
1393 1279 1751 1339 antecedens
1794 1298 1987 1339 veram
2037 1280 2250 1339 fabulae
2297 1282 2779 1359 compositionem

301 1360 588 1421 elocutio.
673 1360 820 1435 Ejus
863 1360 1094 1440 species
1181 1372 1396 1419 uatuor
1430 1369 1607 1425 sunt;
1655 1354 2011 1427 Συστατικὸς,
2060 1359 2604 1419 commendatitius:
2660 1380 2781 1439 quo

299 1438 508 1499 fabula
533 1439 630 1499 vel
657 1442 842 1517 poeta
861 1456 1128 1498 commen
1173 1452 1327 1497 atur.
1403 1433 1775 1510 Ἀναῲορικός,
1803 1436 2115 1496 relativus:
2146 1438 2303 1517 quod
2329 1450 2431 1497 aut
2450 1439 2784 1498 adversario
2866 1468 2879 1483 ·

283 1517 648 1586 ·male‹licta,
679 1528 784 1576 aut
810 1518 1016 1596 gratiae
1041 1518 1262 1597 populo
1289 1516 1647 1576 referuntur.
1722 1512 2067 1586 ’Τποθ.-τικὸς,
2108 1517 2647 1594 argumentativus:
2691 1516 2778 1576 fa-

299 1596 460 1656 buloe
484 1606 906 1674 argumentum
935 1614 1259 1673 exponens.
1358 1592 1591 1663 Μικτὸς,
1622 1593 1861 1652 mistus:
1904 1596 2099 1653 omnia
2122 1596 2249 1655 haec
2276 1595 2335 1653 in
2362 1616 2426 1655 se
2452 1597 2779 1655 continens.

301 1674 470 1734 Inter
499 1674 688 1735 Prolo
733 1694 828 1733 um
857 1684 922 1733 et
949 1674 1288 1752 Prologium
1319 1673 1559 1751 quidam
1600 1673 1715 1731 hoc
1750 1672 2031 1731 interesse
2069 1674 2413 1733 voluerunt:
2464 1676 2603 1753 quia
2642 1694 2777 1753 pro·

301 1752 478 1831 logus
503 1766 600 1812 est
629 1773 700 1811 ve
725 1765 791 1812 ut
819 1752 1082 1829 praefatio
1152 1752 1380 1811 uaedam
1406 1751 1641 1819 fabulae,
1670 1750 1730 1808 in
1758 1768 1877 1829 quo
1901 1750 2027 1809 solo
2066 1752 2311 1821 scilicet,
2353 1766 2565 1830 praeter
2604 1771 2781 1830 argu·

306 1844 596 1901 mentum,
629 1830 852 1910 aliquid
877 1831 954 1889 ad
981 1850 1058 1910 po
1103 1852 1138 1890 u
1167 1851 1263 1888 um
1291 1830 1384 1889 vel
1413 1848 1492 1890 ex
1520 1831 1716 1908 poeta,
1747 1831 1837 1888 vel
1868 1848 1946 1887 ex
1972 1829 2153 1909 ipsius
2178 1830 2411 1903 fabulae,
2440 1832 2531 1889 vel
2564 1832 2781 1889 actoris

309 1910 634 1968 commodo
676 1908 956 1987 loquitur.
1102 1908 1390 1987 rologium
1439 1919 1638 1967 autem
1692 1918 1805 1979 est,
1857 1905 1991 1967 cum
2046 1906 2274 1967 tantum
2316 1910 2391 1969 de
2434 1921 2781 1986 argumento

313 1987 557 2047 dicitur.
640 1986 900 2045 Protasis
916 1998 1006 2045 est
1023 1988 1241 2064 primus
1262 2000 1430 2047 actus
1450 1986 1798 2064 initiumque
1819 1984 2117 2053 dramatis,
2146 2006 2264 2065 quo
2292 2006 2425 2066 pars
2450 1988 2782 2063 argumenti

315 2065 684 2143 explicatur,
703 2082 839 2141 pars
857 2064 1140 2123 reticetur
1157 2066 1230 2124 ad
1251 2064 1452 2143 populi
1471 2064 1947 2143 expectationem
1970 2064 2354 2123 retinendam.
2420 2063 2675 2141 Epitasis
2694 2078 2785 2124 est

313 2142 754 2201 incrementum
770 2159 1196 2235 processusque
1217 2144 1533 2213 turbarum,
1552 2164 1625 2205 ac
1646 2142 1849 2209 totius,
1874 2154 1940 2201 ut
1955 2142 2039 2201 ita
2053 2141 2322 2211 dixerim,
2346 2141 2535 2201 nodus
2552 2144 2781 2202 erroris.

316 2220 719 2299 catastrophe
743 2230 832 2279 est
861 2240 1162 2283 conversio
1187 2240 1382 2280 rerum
1409 2222 1485 2280 ad
1503 2222 1801 2299 jucundos
1829 2220 2043 2291 exitus,
2075 2221 2371 2298 patefacta
2390 2220 2621 2281 cunctis
2643 2241 2783 2300 cog·

311 2299 542 2369 nitione
567 2312 892 2378 gestorum.
971 2299 1041 2359 In
1067 2300 1368 2379 plerisque
1392 2299 1607 2361 fabulis
1632 2301 1887 2379 ipsarum
1916 2298 2151 2358 nomina
2170 2300 2365 2379 priora
2392 2300 2779 2378 ponebantur,

308 2378 488 2459 quam
515 2384 861 2457 poetarum:
904 2377 964 2435 in
991 2379 1284 2438 nonnullis
1309 2385 1615 2458 poetarum
1644 2379 1818 2458 quam
1844 2378 2193 2439 fabularum.
2275 2381 2457 2458 Cujus
2494 2380 2671 2438 moris
2695 2380 2785 2439 di·

305 2457 652 2539 yersitatem
680 2456 998 2536 antiquitas
1023 2460 1252 2537 probat.
1355 2458 1510 2515 Nam
1538 2456 1673 2517 cum
1701 2456 1871 2535 primi
1908 2457 2085 2537 aliqui
2124 2458 2351 2517 fabulas
2389 2458 2655 2526 ederent,
2696 2458 2785 2537 ip·-

305 2555 504 2599 sarum
523 2535 764 2595 nomina
779 2536 1322 2615 pronunciabantur
1337 2537 1498 2606 ante,
1521 2537 1695 2615 quam
1718 2542 1907 2613 poetae
1926 2536 2471 2613 pronunciarentur,
2494 2556 2569 2595 ne
2588 2536 2785 2615 aliqua

305 2612 530 2677 invidis
550 2615 590 2672 a
614 2614 928 2675 scribendo
954 2614 1241 2675 deterreri
1263 2627 1521 2694 possent.
1604 2613 1755 2675 Cum
1772 2627 1969 2675 autem
1988 2636 2095 2694 per
2112 2614 2432 2674 editionem
2446 2615 2782 2686 multarum,

351 2700 504 2754 oetae
533 2700 664 2769 jam
699 2706 858 2755 esset
895 2694 1224 2753 authoritas
1261 2693 1573 2773 acquisita,
1610 2712 1811 2753 rursus
1839 2694 2033 2771 priora
2056 2700 2359 2772 poetarum
2388 2694 2625 2752 nomina
2648 2711 2789 2771 pro-

305 2714 688 2832 Perebantur:
733 2784 801 2832 ut
827 2792 934 2852 per
957 2771 1218 2849 ipsorum
1245 2772 1534 2831 vocabula
1556 2772 1769 2832 fabulis
1794 2772 2043 2832 attentio
2068 2772 2493 2850 acquireretur.

319 2918 326 2925 ‚
391 2854 630 2911 Acras
657 2850 898 2911 diversis
923 2850 1078 2909 ludis
1117 2850 1490 2910 manifestum
1531 2862 1625 2909 est
1661 2850 1917 2911 inscribi.
2020 2851 2173 2910 Nam
2220 2852 2493 2910 ludorum
2530 2860 2787 2929 quatuor

309 2940 452 2989 sunt
471 2929 724 3019 species,
746 2950 895 3008 quos
915 2929 1150 2989 curules
1168 2929 1370 2989 aediles
1385 2948 1629 2989 munere
1649 2929 1887 3008 publico
1909 2940 2137 2988 curant.
2202 2930 2599 3007 Megalenses,
2622 2948 2785 3009 mag-

310 3008 406 3066 nis
429 3006 549 3065 diis
580 3008 930 3079 consecrati,
969 3026 1118 3085 quos
1158 3008 1360 3067 Graeci
1397 3005 1797 3085 Μεγαλησίους
1822 3008 2139 3097 appellant.
2219 3008 2538 3078 Funebres,
2580 3006 2656 3063 ad
2692 3026 2787 3065 re·-

316 3084 634 3157 tinendum
699 3086 940 3162 opulum
968 3084 1240 3157 instituti,
1268 3085 1407 3145 dum
1435 3104 1653 3166 pompa
1676 3086 1867 3145 funeri
1902 3086 2145 3144 decreta
2182 3085 2243 3141 in
2282 3085 2517 3143 nomina
2554 3083 2787 3159 patricii

317 3161 432 3245 yiri
503 3160 636 3220 lene
661 3162 986 3223 instruitur.
1064 3164 1308 3235 Plebeii,
1335 3165 1436 3244 qui
1463 3184 1576 3243 pro
1599 3164 1789 3227 salute
1815 3162 2001 3255 plebis
2037 3162 2311 3221 eduntur.
2392 3164 2447 3219 A
2496 3160 2786 3237 olliuares,

317 3181 599 3319 Apollini
624 3242 972 3301 consecrati.
1053 3244 1122 3301 In
1149 3246 1326 3301 scena
1364 3244 1498 3303 duae
1536 3263 1655 3303 arae
1695 3261 1831 3321 pom
1870 3241 2154 3307 solebant,
2194 3238 2407 3299 dextra
2500 3237 2667 3309 iberi,
2710 3244 2789 3300 si.

313 3320 508 3379 nistra
533 3322 662 3399 ejus
689 3318 786 3379 dei
813 3320 912 3381 cui
935 3322 1058 3381 ludi
1083 3320 1339 3381 flebant:
1383 3322 1544 3383 unde
1579 3321 1879 3381 Terentius
1906 3318 1963 3379 in
1995 3319 2225 3378 Andria
2260 3318 2363 3391 ait,
2402 3318 2501 3378 Ex
2534 3315 2643 3377 ανᾶ
2682 3321 2789 3385 Mc

308 3419 474 3459 sume
497 3398 790 3459 verbenas.

399 3477 562 3536 Hinc
579 3478 856 3555 Ulyssem
883 3479 1183 3557 palliatum
1205 3500 1438 3560 semper
1461 3480 1790 3539 inducunt:
1828 3480 1949 3541 sive
1975 3478 2137 3559 quod
2163 3478 2479 3558 aliquando
2503 3481 2787 3541 insaniam

311 3555 634 3627 simulavit,
663 3576 784 3636 quo
811 3570 1076 3636 tempore
1103 3572 1332 3619 tectum
1357 3578 1423 3617 se
1451 3578 1581 3619 esse
1606 3558 1809 3630 voluit,
1839 3578 1915 3617 ne
1940 3558 2174 3637 agnitus
2202 3569 2517 3637 cogeretur
2544 3560 2603 3617 in
2632 3561 2788 3620 bella

313 3636 592 3715 prodire:
633 3654 740 3694 seu
769 3636 844 3694 ob
871 3636 1226 3713 singularem
1253 3636 1623 3728 sapientiam,
1664 3638 1785 3715 qua
1810 3648 2004 3696 tectus
2042 3636 2438 3717 munitusque,
2468 3637 2785 3716 plurimum

315 3714 496 3773 sociis
533 3712 778 3792 profuit.
855 3714 1053 3791 HuJus
1093 3716 1248 3775 enim
1287 3714 1518 3775 virtutis
1558 3726 1705 3785 erat,
1747 3716 1923 3773 animi
1962 3733 2194 3794 semper
2236 3715 2583 3793 decipientis
2621 3715 2789 3795 inge·

316 3792 501 3869 nium.
563 3790 846 3851 Nonnulli
869 3793 1090 3853 Ithacae
1111 3794 1352 3864 incolas,
1371 3793 1525 3853 sicut
1547 3792 1795 3861 Locros,
1815 3794 2082 3872 palliatos
2100 3794 2279 3852 fuisse
2308 3808 2789 3854 commemorant.

324 3868 580 3928 Achillis
606 3881 668 3929 et
699 3872 1074 3949 Neoptolemi
1103 3890 1370 3950 personae
1395 3871 1729 3931 diademata
1756 3872 2015 3939 habent;
2054 3870 2319 3950 quamvis
2357 3872 2577 3950 regalia
2614 3892 2717 3933 sce
2758 3906 2787 3921 ··

324 3956 423 4004 tra
472 3966 768 4027 nunquam
813 3950 1146 4020 tenueriut;
1200 3953 1370 4028 cujus
1410 3950 1743 4027 argumenti
1785 3949 2053 4027 probatio
2095 3949 2227 4009 talis
2264 3949 2582 4022 inducitur,
2624 3972 2705 4030 qu
2748 3951 2787 4011 d

321 4043 626 4103 nunquam
654 4046 788 4085 cum
815 4028 1044 4107 reliqua
1071 4030 1321 4089 Graeciae
1352 4032 1667 4106 juventute
1706 4026 1781 4085 ad
1822 4028 2081 4105 gerenda
2121 4047 2257 4087 cum
2300 4028 2571 4107 Trojanis
2610 4030 2787 4101 bella,

317 4114 696 4240 zacramenta
720 4107 1140 4185 conjurationis
1165 4108 1444 4180 inierunt,
1484 4126 1598 4166 nec
1626 4124 1883 4184 unquam
1910 4106 2021 4165 sub
2052 4107 2515 4189 Agamemnonis
2540 4108 2786 4187 imperio

353 4190 594 4241 uerunt.
1664 4222 1675 4235 ,

407 4260 700 4321 Comcls
725 4262 958 4325 senibus
985 4264 1272 4326 candidus
1291 4264 1536 4323 vestitus
1562 4263 1881 4335 inducitur,
1903 4262 2059 4343 quod
2086 4262 2135 4323 is
2154 4262 2588 4344 antiquissimus
2606 4263 2789 4321 fuisse

318 4350 714 4414 memoratur.
777 4341 1276 4404 Adolescentibus
1302 4342 1559 4403 discolor
1586 4342 1945 4403 attribuitur.
2015 4341 2181 4401 Servi
2208 4343 2421 4403 comici
2444 4341 2665 4401 amictu
2680 4356 2787 4396 ex-

317 4416 340 4476 i
387 4438 466 4477 uo
495 4429 920 4497 conteguntur,
961 4422 1326 4501 paupertatis
1364 4420 1623 4498 antiquas
1662 4420 1869 4499 gratia,
1899 4420 1991 4481 vel
2017 4420 2139 4500 qud
2166 4419 2563 4511 expeditiores
2588 4428 2785 4493 agant.

375 4496 576 4557 arasiti
615 4516 756 4557 cum
795 4498 1030 4559 intortis
1067 4500 1256 4579 palliis
1295 4500 1559 4559 veniunt.
1636 4499 1809 4558 Laeto
1844 4497 2061 4559 vestitu
2102 4498 2419 4557 candidusz
2459 4511 2789 4555 erumnose

318 4576 664 4637 obsoletum
749 4596 820 4635 ur
863 4595 1042 4637 ureus
1067 4578 1250 4650 diviti,
1280 4576 1528 4657 pauperi
1593 4576 1901 4637 hoeniceus
1919 4578 2093 4635 datur
2112 4596 2129 4631 z
2170 4572 2337 4628 militi
2364 4569 2629 4655 chlamys
2654 4590 2791 4645 pur-

319 4672 510 4731 purea
529 4676 547 4713 t
590 4598 810 4733 puellas
915 4655 1072 4715 bitus
1139 4657 1442 4733 eregrinus
1467 4654 1527 4713 in
1574 4654 1803 4727 ucitur=
1830 4653 1967 4712 leno
1988 4649 2163 4725 pallio
2180 4662 2320 4701 varn
2338 4642 2552 4701 coloris
2574 4645 2785 4734 utiturz

325 4732 624 4795 meretrici
653 4732 732 4795 ob
763 4732 1064 4795 avaritiam
1116 4744 1318 4799 uteum
1347 4734 1540 4795 datur.
1624 4732 1896 4809 Syrmata
1922 4726 2082 4785 dicta
2106 4730 2242 4779 sunt
2260 4720 2335 4778 ab
2363 4736 2456 4789 eo,
2485 4718 2641 4794 quod
2670 4730 2789 4776 tra-
