3067 4959
258 354 341 400 xc
1090 321 1824 393 PROLEGOMENA

312 504 487 562 osset,
508 506 771 551 concavo
788 486 1117 569 equalique
1145 486 1435 565 parietum
1460 486 1870 564 circumjectu,
1899 494 1966 545 ut
1989 486 2082 547 vei
2113 486 2231 547 leni
2257 496 2404 549 sono
2431 482 2594 547 dicta
2615 504 2748 550 vet·

268 516 367 643 ba,
394 572 469 631 ad
496 570 745 629 alterum
772 567 983 627 theatri
1013 578 1192 645 caput
1219 565 1447 625 facilius
1466 565 1886 643 perferrentur.
1968 564 2066 625 Ita
2086 568 2242 626 enim
2263 578 2388 627 erat
2411 566 2750 627 conforma-

272 664 419 719 tum,
450 660 515 707 ut
541 650 711 725 oeque
736 658 937 725 gestus
963 644 1386 724 prospicerent,
1426 663 1500 704 ac
1526 664 1706 703 voces
1745 642 2017 704 audirent
2055 644 2118 716 ii,
2146 644 2248 724 qui
2274 646 2350 706 ad
2379 646 2568 707 latera
2595 659 2660 705 et
2683 646 2748 705 in

272 727 509 789 summis
536 726 809 785 sederent
832 725 1129 801 gradibus,
1158 736 1337 801 atque
1362 723 1401 780 ii
1429 723 1529 801 qui
1558 723 1616 781 in
1641 722 1774 781 imis
1803 730 1981 797 juxta
2019 743 2276 785 scenam.
2361 725 2584 783 Postea
2605 725 2750 785 verb

274 806 675 883 excogitatum
702 814 793 861 est
818 802 1111 862 theatrum
1134 801 1193 859 in
1214 800 1523 861 rotundam
1551 802 1795 860 formam
1819 814 2184 872 extructum,
2203 802 2320 863 alio
2344 801 2524 881 longe
2545 803 2752 866 excel·

272 885 489 945 lentius
512 896 692 961 atque
718 880 1030 959 capacius:
1072 880 1233 959 quod
1260 880 1399 959 quia
1422 880 1584 939 velut
1609 900 1688 939 ex
1717 880 1948 939 duobus
1987 892 2289 941 constaret
2326 880 2594 952 theatris,
2635 900 2752 943 nec

276 961 525 1041 amplius
550 960 963 1037 hemicyclum,
992 960 1097 1017 sed
1140 958 1451 1017 rotundam
1478 958 1724 1017 formam
1765 958 2032 1025 referret,
2059 961 2136 1018 ob
2163 958 2224 1017 id
2252 960 2754 1039 amphitheatrum

276 1041 501 1101 dictum
528 1051 639 1098 est.
724 1036 1237 1116 Amphitheam-um
1264 1050 1459 1095 tamen
1486 1036 1694 1097 scribit
1721 1038 1880 1097 Dion
1907 1056 1986 1097 ex
2013 1038 2130 1097 hoc
2145 1038 2284 1105 dici,
2303 1035 2468 1118 quod
2495 1058 2606 1117 per
2623 1059 2752 1099 am·-

274 1120 460 1179 bitum
488 1117 692 1176 sedilia
716 1116 1169 1194 disponerentur
1192 1116 1415 1193 absque
1442 1118 1638 1175 scena.
1685 1112 1704 1131 ‘

356 1196 737 1257 Proscenium
764 1196 933 1254 locus
960 1206 1107 1263 erat,
1136 1212 1241 1253 seu
1270 1195 1484 1264 velum,
1512 1206 1616 1253 aut
1641 1194 1816 1253 etiam
1845 1193 2160 1272 pulpitum,
2189 1205 2328 1253 ante
2345 1212 2610 1254 scenam.
2649 1195 2756 1257 Ex

274 1274 587 1355 proscenio
612 1274 671 1333 in
700 1292 935 1333 scenam
965 1274 1363 1331 evocabuntur
1392 1272 1550 1331 mimi
1577 1272 1698 1331 sive
1739 1272 2048 1331 histriones
2075 1273 2152 1331 ad
2191 1270 2420 1331 fabulas
2447 1274 2708 1351 agendas
2729 1298 2752 1343 ς

276 1354 647 1432 vicissimque
664 1350 695 1409 ὲ
716 1354 895 1411 scena
922 1350 1061 1410 illuc
1090 1352 1550 1410 revertebantur.
1635 1350 1811 1411 Unde
1833 1362 2070 1410 actuum
2099 1350 2158 1408 in
2193 1351 2416 1409 Latinis
2441 1352 2752 1412 comoediia

276 1431 692 1493 internoscitur
718 1429 1035 1497 distinctio,
1064 1428 1219 1489 sicut
1246 1428 1301 1486 in
1334 1428 1562 1487 Groecis
1591 1430 1773 1488 choro
1801 1431 1856 1488 in
1887 1431 2247 1489 orchestram
2283 1430 2671 1507 demigrante.

360 1512 609 1571 Scenam
637 1508 812 1568 etiam
837 1517 1051 1567 vocant
1070 1507 1301 1573 comici,
1368 1508 1606 1585 uicquid
1633 1507 1766 1566 duae
1783 1508 2052 1584 pluresve
2073 1526 2336 1586 persona:
2357 1508 2642 1567 sermonis
2661 1510 2752 1568 in·

280 1590 433 1667 tegri
460 1600 521 1647 et
546 1586 799 1646 absoluti
828 1585 1272 1664 colloquuntur;
1300 1526 1540 1663 iiiieque
1565 1585 1766 1644 finitur
1793 1606 1992 1654 scena,
2021 1587 2118 1644 ubi
2149 1597 2250 1645 aut
2275 1586 2472 1664 aliqua
2497 1606 2754 1666 persona

282 1666 724 1745 introgreditur,
750 1676 857 1724 aut
882 1664 995 1723 alia
1022 1663 1096 1722 ad
1126 1662 1335 1731 forum,
1366 1676 1466 1723 aut
1496 1663 1610 1723 alic»
1635 1664 1903 1743 quolibet
1928 1664 2003 1723 ad
2031 1664 2298 1724 viciniam
2329 1666 2544 1725 currit..

364 1749 559 1805 Actus
588 1763 735 1803 unus
764 1744 960 1821 plures
984 1761 1191 1802 scenas
1218 1741 1685 1821 comprehendit.
1765 1744 1992 1822 Estque
2013 1742 2073 1802 in
2095 1744 2388 1803 comoedia
2405 1757 2592 1813 actus,
2657 1764 2754 1805 ars

322 1822 713 1883 uodammodo
738 1822 1009 1881 absoluta
1028 1834 1088 1880 et
1113 1820 1365 1899 integra,
1386 1821 1648 1879 nondum
1669 1834 1866 1881 tamen
1887 1842 2010 1881 rem
2041 1841 2272 1881 omnem
2295 1822 2518 1891 finiens,
2539 1842 2568 1881 s
2665 1823 2754 1883 ita

322 1902 641 1964 imidiatam
668 1900 1023 1978 relinquens,
1042 1910 1111 1958 ut
1127 1900 1413 1979 respirent
1428 1911 1814 1979 spectatores,
1836 1912 1894 1959 et
1913 1898 2140 1959 facilius
2167 1914 2558 1960 commutetur
2577 1901 2752 1979 quic·

328 1981 425 2041 uid
454 1981 513 2039 in
540 1978 645 2039 reli
692 1980 779 2038 uis
804 1977 1111 2037 comoediae
1178 1979 1401 2039 artibus
1440 1992 1732 2057 superest.
1809 1979 1882 2037 ld
1929 1990 2124 2037 autem
2172 1990 2344 2039 actus
2391 1991 2754 2041 commutare

326 2060 575 2119 icebant.
696 2068 898 2117 nterea
924 2056 1083 2115 mimi
1125 1998 1371 2117 ‹i'icteria
1411 2069 1469 2118 et
1512 2058 1774 2117 diverbia
1818 2056 2186 2125 referebant:
2235 2058 2754 2137 recitabantutque

282 2138 482 2199 nescio
510 2158 642 2215 quie
676 2136 985 2213 jocularia,
1013 2154 1147 2213 quar.
1172 2136 1452 2215 populum
1491 2138 1642 2195 nova
1683 2135 2077 2196 oblectatione
2115 2134 2432 2197 afficerent.
2514 2137 2750 2196 comoe-

284 2216 509 2273 diarum
540 2215 809 2273 recitatio
830 2215 887 2271 in
907 2216 1101 2279 scena,
1126 2214 1285 2273 actio
1302 2216 1628 2285 dicebatur,
1649 2216 1807 2273 unde
1828 2214 2004 2274 etiam
2023 2214 2124 2294 qui
2149 2216 2422 2291 agebant,
2441 2227 2503 2275 et
2527 2214 2753 2275 fabulas

326 2291 769 2361 ronunciabant,
797 2303 1027 2351 actores
1054 2290 1231 2350 dicti:
1275 2292 1375 2371 qui
1404 2303 1462 2351 et
1502 2293 1777 2363 comoedi,
1815 2292 2146 2363 histriones,
2177 2292 2462 2365 ludiones,
2489 2294 2664 2366 ludii,
2693 2305 2756 2353 et

282 2312 627 2451 hypocritae,
658 2368 717 2429 id
746 2381 854 2440 est,
886 2370 1090 2432 alienae
1118 2388 1383 2449 persone
1407 2371 1796 2431 simulatores.

776 2546 1256 2613 NOMINUM
1302 2546 1890 2613 COMICORUM
1937 2548 2261 2617 RATIO.

876 2651 1039 2713 PER
1086 2648 1459 2711 EUNDEM
1502 2650 2176 2713 THEODORICUM.

365 2747 511 2805 Nou
540 2758 632 2806 est
658 2746 734 2805 de
760 2746 961 2813 nihilo,
985 2746 1141 2826 quod
1172 2747 1362 2824 poeta:
1392 2746 1605 2805 comici
1633 2761 1733 2806 aut
1757 2748 1884 2808 haec
1909 2759 2011 2807 aut
2039 2748 2140 2805 illa
2157 2746 2392 2806 nomina
2417 2746 2758 2809 indiderunt

286 2843 521 2883 suarum
566 2824 827 2903 personis
873 2825 1221 2885 fabularum.
1306 2825 1501 2901 Hujus
1546 2826 1628 2885 rei
1656 2826 2009 2904 amplissima
2036 2826 2138 2885 tibi
2169 2826 2378 2885 damus
2403 2826 2758 2887 testimonia.

284 2904 559 2964 Donatus
584 2902 643 2961 in
674 2903 1013 2985 Adelphos:
1046 2902 1319 2974 Nomina,
1348 2905 1559 2983 inquit,
1587 2924 1966 2983 personarum
1995 2905 2050 2963 in
2079 2905 2386 2963 comoediis
2411 2906 2624 2964 habere
2646 2905 2756 2963 de·

284 2985 427 3041 bent
447 2984 729 3041 rationem
752 2994 811 3041 et
834 2982 1269 3061 etymologiam.
1342 2983 1576 3043 Etenim
1599 2986 1912 3044 absurdum
1931 2996 2020 3042 est
2039 2984 2334 3043 comicum
2355 2984 2556 3061 aperte
2575 3001 2754 3060 argu-

286 3074 484 3121 menta
512 3063 867 3141 confingere,
898 3062 987 3121 vel
1031 3082 1240 3121 nomen
1270 3082 1532 3141 personae
1572 3064 1958 3141 incongruum
2001 3063 2162 3127 clare,
2192 3063 2282 3121 vel
2313 3062 2563 3121 officium
2593 3060 2754 3139 quod

284 3140 361 3199 sit
387 3142 424 3203 a
452 3142 684 3201 nomiae
708 3141 1022 3203 diversum.
1108 3142 1265 3202 Hinc
1292 3162 1493 3201 servus
1518 3142 1728 3209 fidelis,
1761 3144 2049 3201 Parmeno
2073 3166 2087 3205 ι
2125 3140 2397 3209 infidelis,
2425 3141 2514 3199 vel
2550 3140 2752 3219 Syrus,

288 3220 377 3277 vel
410 3220 595 3283 Geta:
622 3222 789 3279 miles
817 3219 1063 3287 Thraso,
1092 3219 1181 3275 vel
1218 3215 1521 3277 Polemon:
1547 3222 1778 3296 juvenis
1808 3220 2166 3297 Pamphilus:
2199 3231 2466 3277 matrona
2493 3218 2756 3296 Myrrhi-

290 3316 401 3357 na:
439 3310 499 3357 et
526 3318 692 3376 puer,
722 3312 782 3355 et
810 3300 883 3355 ab
912 3298 1093 3355 odore
1124 3296 1337 3353 Storax
1364 3320 1379 3363 t
1422 3309 1480 3355 et
1507 3298 1544 3352 a
1570 3298 1728 3365 ludo,
1758 3312 1818 3357 et
1847 3300 1880 3353 a
1907 3298 2374 3375 gesticulatione,
2403 3296 2648 3355 Circus:
2691 3310 2756 3357 et

287 3375 429 3433 item
456 3376 683 3441 similia,
710 3377 769 3435 in
798 3375 1009 3454 quibus
1034 3392 1325 3433 summum
1354 3380 1542 3452 poete
1569 3374 1768 3433 vitium
1801 3391 1910 3447 est,
1927 3376 1975 3435 si
1998 3376 2139 3456 quid
2161 3376 2194 3434 ὸ
2216 3374 2506 3436 contrario
2531 3394 2753 3451 repug-

287 3470 435 3510 nans
461 3453 814 3511 contrarium
846 3452 1135 3510 diversum
1182 3469 1255 3509 ue
1294 3452 1638 3531 protulerit:
1683 3452 1787 3511 nisi
1831 3473 1936 3531 per
1977 3453 2334 3533 antiphrasin
2381 3470 2593 3510 nomen
2643 3451 2755 3509 im·-

330 3530 547 3587 osuerit
581 3530 962 3606 joculariter:
1010 3542 1071 3588 ut
1174 3529 1527 3607 isargyrides
1555 3530 1612 3587 in
1647 3531 1856 3591 Plauto
1885 3532 2101 3592 dicitur
2128 3532 2433 3613 trapezita.
2514 3530 2598 3589 Et
2623 3530 2752 3589 fere
2863 3578 2872 3588 .

286 3550 403 3665 iioc
432 3607 607 3665 modo
636 3608 790 3685 apud
818 3608 963 3667 alios
990 3609 1024 3665 εὶ
1053 3608 1239 3685 poetis
1266 3608 1501 3666 nomina
1539 3622 1977 3689 componuntur
2019 3613 2412 3671 describenda
2449 3628 2556 3691 per
2603 3610 2755 3669 anti·

286 3684 539 3765 phrasin,
571 3688 727 3765 quod
756 3685 1024 3763 designat
1054 3690 1288 3747 storax,

366 3762 531 3821 Idem
562 3764 619 3821 in
649 3764 972 3823 Andriam:
1020 3766 1285 3841 Semper,
1324 3764 1538 3844 inquit,
1579 3766 1812 3826 nomina
1853 3769 2212 3829 comicorum
2241 3788 2562 3839 servorum,
2591 3780 2696 3827 aut
2719 3766 2756 3825 a

283 3842 617 3901 nationibus
660 3856 800 3901 sunt
840 3843 1063 3913 indita3
1104 3853 1171 3901 ut
1212 3843 1421 3923 Mysis,
1468 3846 1689 3924 Syrus:
1731 3859 1836 3905 aut
1861 3867 1936 3906 ex
1965 3848 2396 3911 accidentibus,
2421 3860 2488 3906 ut
2517 3848 2754 3917 Lesbia,

282 3920 444 3978 velut
484 3920 731 3989 ebriosa,
772 3922 809 3979 a
850 3922 1045 3982 Lesbo
1086 3922 1293 3993 insula,
1342 3942 1475 4002 quae
1520 3937 1613 3984 est
1658 3926 1826 3985 ferax
1867 3925 2192 3984 suavissimi
2239 3926 2756 4003 candidissimique

282 3998 434 4056 vini:
480 4012 583 4056 aut
612 4000 647 4056 a
674 4002 1021 4070 vernilitate,
1064 4012 1133 4060 ut
1176 4002 1541 4062 Pseudolus:
1581 4015 1686 4063 aut
1725 4024 1804 4063 ex
1844 4005 2105 4083 negotio,
2151 4016 2218 4063 ut
2245 4003 2612 4082 Chrysalus:
2651 4015 2758 4063 aut

278 4094 357 4137 ex
384 4075 667 4154 qualitate
692 4078 975 4157 corporis,
1007 4092 1069 4139 ut
1098 4080 1432 4159 Chylacus:
1462 4095 1566 4141 aut
1593 4103 1668 4141 ex
1695 4084 1895 4162 specie
1921 4085 2144 4153 formoe,
2179 4096 2241 4141 ut
2273 4082 2598 4141 Pinacium.

362 4156 577 4215 Strabo
604 4158 751 4215 libro
778 4158 1064 4236 septimo:
1134 4160 1269 4221 Fuit
1290 4176 1351 4223 et
1372 4160 1486 4220 alia
1508 4162 1762 4239 regionis
1777 4162 2004 4229 divisio,
2027 4182 2102 4223 ex
2127 4162 2384 4241 antiquis
2407 4178 2758 4239 permanens

280 4235 661 4312 temporibus.
743 4237 913 4296 Alios
941 4238 1093 4295 enim
1128 4238 1346 4307 Dacos,
1376 4240 1519 4297 alios
1549 4240 1735 4299 Getas
1761 4240 2078 4317 appellant.
2163 4240 2351 4301 Getas
2417 4240 2634 4307 uidem,
2653 4237 2758 4317 qui

278 4316 355 4375 ad
408 4315 663 4373 Pontum
706 4314 765 4371 in
811 4316 1116 4375 Orientem
1162 4326 1448 4395 vergunt:
1491 4318 1696 4376 Dacos
1721 4330 1941 4385 autem,
1972 4320 2072 4396 qui
2099 4320 2158 4377 in
2187 4332 2528 4399 oppositum
2555 4315 2757 4377 versus

276 4394 676 4463 Germaniam,
706 4405 769 4451 et
794 4394 867 4451 ad
898 4394 1033 4452 latri
1060 4392 1273 4463 sontes,
1344 4412 1449 4452 uos
1478 4393 1620 4452 olim
1645 4396 1846 4453 Davos
1863 4407 2104 4457 vocatos
2134 4418 2264 4459 esse
2291 4417 2447 4456 reor.
2517 4396 2614 4457 Ex
2677 4414 2758 4455 uo

272 4473 432 4609 ἓρυέἰ
464 4472 859 4611 Λὲιὶιεοίειέεεο
887 4474 1189 4610 galf-prum
1218 4485 1279 4609 et
1340 4483 1596 4612 „3¹¹2ss
1625 4474 1864 4611 affinius
1885 4474 2118 4537 servilia
2185 4476 2462 4567 infimum
2491 4478 2656 4612 abug

314 4568 386 4606 an
418 4590 433 4606 .
542 4570 617 4609 oc
636 4570 739 4610 san
801 4570 903 4611 cre
944 4572 963 4611 ι
1004 4572 1023 4611 ι
1050 4570 1139 4611 ius
1158 4568 1220 4610 es
1250 4594 1267 4619 ,
1296 4571 1337 4629 q
1595 4572 1668 4631 cy
1738 4571 1902 4612 arum
1967 4566 2104 4615 ente
2173 4574 2402 4623 ermari,
2467 4572 2575 4613 uos
2657 4570 2760 4613 aas

274 4640 506 4683 vocant.
589 4630 801 4708 Longe
828 4632 981 4691 enim
1008 4630 1093 4690 illi
1118 4630 1193 4689 ad
1226 4628 1588 4709 Hyrcaniam
1613 4631 1786 4710 positi
1809 4575 1968 4703 suntg,
1997 4652 2110 4692 nee
2131 4652 2210 4691 ex
2233 4650 2306 4691 eo
2327 4574 2464 4691 loeti
2485 4632 2759 4691 Athenas

200 4748 209 4755 ·
268 4703 563 4839 35:2²3?ssssss
588 4707 901 4861 {²2:533
910 4710 1423 4851 Ξὲἱῖἶῖἕῖἓῗῖη
1450 4708 1686 4868 5535:
1699 4710 2028 4867 ²0:⁵¹3,ss
2043 4709 2760 4864 Pzt¹2¹32¹¹332332⁰i1¹³3

562 4824 577 4851 υ
1295 4832 1312 4860 ,
2043 4830 2058 4845 .
