3067 4959
1209 332 1853 400 TERENTIANA.
2286 273 2313 288 s
2544 336 2713 414 xcvii

266 497 462 560 Cum
507 507 710 568 autem
737 495 815 556 sit
837 493 1124 556 iambicus
1149 492 1434 564 senarius,
1479 493 1611 556 Eho
1650 493 1831 554 debet
1870 511 1999 554 esse
2039 503 2216 554 extra
2244 511 2505 567 versum3
2548 508 2613 556 et
2650 497 2713 556 id

167 578 431 638 Graeci
463 575 840 641 factitabant,
869 585 934 632 ut
961 573 1140 652 supra
1163 571 1511 631 notavimus.

279 659 630 716 Postrema
655 653 910 712 omnium
939 651 1271 712 observatio
1297 662 1408 722 est,
1439 669 1643 710 omnes
1669 651 1907 709 omnino
1933 649 2161 710 fabulas
2204 651 2467 712 Terentii
2495 651 2555 712 in
2596 663 2714 712 tro·

170 731 478 794 chaicos
505 732 772 792 desinere
795 755 812 800 ς
851 730 1010 810 quod
1038 730 1194 790 idem
1225 729 1301 788 de
1328 729 1599 788 omnibus
1628 729 1823 788 Plauti
1849 729 2155 789 comoediis
2182 748 2385 788 verum
2414 750 2542 790 esse
2568 731 2713 791 scic.

173 811 620 892 Excipienda
639 822 831 868 tamen
849 809 1080 868 videtur
1102 807 1448 878 Pseudolus,
1467 810 1570 884 ,cuj
1578 827 1644 867 us
1664 818 1994 886 postremus
2012 826 2212 866 versus
2230 819 2320 868 est
2336 829 2355 866 ε
2400 811 2592 888 Atque
2610 832 2713 890 ap-

167 891 486 971 probare
510 887 661 950 hunc
679 908 930 978 gregem,
957 897 1014 946 et
1027 885 1302 966 fibulam
1319 910 1348 956 ,-
1389 886 1452 944 in
1485 886 1801 946 crastinum
1840 907 1936 946 vos
1972 885 2199 946 vocabo.
2280 885 2402 946 Sed
2428 887 2713 948 audacter

183 969 534 1028 affirmare
561 986 774 1047 possim
816 965 1046 1025 duobus
1091 967 1150 1024 in
1195 963 1342 1024 locis
1369 982 1601 1022 versum
1650 983 1831 1022 unum
1873 979 2213 1042 corruptum
2256 984 2418 1033 esse3
2462 984 2595 1023 eum
2624 967 2711 1026 sic

183 1047 441 1124 leges:
491 1047 683 1125 Atque
709 1044 866 1102 hunc
892 1044 1206 1124 approbare
1236 1062 1493 1122 gregem,
1531 1041 1919 1118 etfirbulam:
1962 1042 2025 1102 in
2050 1045 2362 1105 crastinum
2405 1063 2500 1102 vos
2540 1064 2708 1104 voco.

193 1125 422 1192 Quod
449 1123 630 1182 miror
655 1123 688 1180 ἑ
715 1121 949 1182 nemine
975 1121 1436 1181 animadversum
1465 1119 1665 1179 fuisse.
1746 1119 2319 1198 Atisthucfizbulam
2339 1121 2709 1199 dissyllabice

191 1201 614 1282 pronunciari
641 1201 842 1270 debet,
871 1219 948 1260 ex
977 1201 1194 1278 regulis
1215 1211 1276 1258 et
1293 1198 1581 1278 exemplis
1596 1195 1861 1278 superius
1886 1199 2111 1277 positis.
2155 1199 2384 1259 Caetera
2400 1201 2551 1259 bene
2572 1221 2710 1280 pro-

199 1281 476 1340 cedent.
557 1280 624 1338 In
671 1292 943 1338 extremo
971 1297 1141 1338 versu
1184 1277 1472 1336 Asinariae
1513 1287 1605 1335 est
1648 1276 1823 1335 etiam
1862 1296 2061 1336 error:
2101 1296 2241 1335 nam
2277 1277 2377 1338 ille
2404 1297 2604 1337 versus
2630 1299 2709 1338 ex

202 1359 573 1419 Trochaico
592 1358 858 1438 legitimo
885 1357 1078 1416 factus
1105 1369 1198 1416 est
1223 1353 1561 1414 octonarius
1588 1353 1827 1413 vitiosus
1854 1355 2085 1415 duobus
2111 1355 2276 1415 locis.
2362 1356 2462 1416 Sic
2490 1357 2666 1419 habet
2689 1379 2708 1418 ι

495 1437 672 1485 Remur
693 1437 918 1500 impetrari
939 1452 1088 1499 posse,
1112 1437 1150 1483 si
1171 1435 1378 1498 plausum
1402 1435 1468 1482 sic
1485 1434 1658 1482 clarum
1680 1434 1811 1482 datis.

313 1501 424 1563 Sic
451 1511 648 1560 autem
675 1499 772 1559 ille
798 1500 1180 1560 scribendus:
1588 1535 1595 1545 -

499 1579 674 1628 Remur
691 1580 918 1642 impetrari
937 1594 1088 1643 posse,
1111 1580 1150 1626 si
1165 1577 1376 1640 plausum
1396 1577 1567 1625 clarum
1586 1577 1717 1626 datis.
1752 1612 1761 1620 .
2572 1621 2575 1626 .

309 1644 550 1779 Caneri,
579 1643 680 1724 qui
720 1643 758 1703 a
794 1663 982 1722 grege
1019 1641 1508 1723 pronunciantur,
1536 1653 1601 1702 et
1638 1643 1795 1702 hunc
1822 1640 2187 1720 praecedunt,
2226 1654 2365 1703 sunt
2390 1641 2701 1704 certissimi

213 1734 370 1782 troc
409 1723 540 1782 aiei.

317 1801 472 1860 Haec
489 1799 694 1879 paucis
715 1800 974 1878 quidem,
994 1800 1121 1872 sed,
1150 1811 1216 1860 ut
1235 1817 1429 1877 spero,
1453 1816 1524 1858 ea
1549 1797 1690 1859 satis
1706 1798 1925 1858 fuerint
1941 1798 2019 1859 ‚ad
2038 1798 2137 1861 illa
2152 1798 2553 1877 intelligenda,
2576 1819 2709 1878 quae

216 1879 294 1938 in
323 1879 558 1938 caeteris
585 1877 852 1938 Terentii
877 1879 1088 1940 fabulis
1113 1879 1290 1957 paulu
1315 1877 1689 1970 impeditiora
1708 1877 2085 1950 videbuntur.
2168 1877 2381 1956 Neque
2407 1878 2547 1938 verb.
2564 1877 2705 1934 mihi

219 1959 314 2016 ad
343 1957 710 2016 credendum
734 1955 964 2016 difficile
991 1969 1100 2026 est,
1129 1978 1262 2036 quae
1287 1957 1415 2015 dixi
1435 1957 1635 2028 modd,
1663 1976 1781 2016 non
1808 1975 1888 2016 ex
1915 1975 2085 2034 aequo
2101 1955 2372 2016 omnibus
2393 1955 2705 2032 probatum

219 2035 308 2092 iri
331 2059 348 2103 ς
388 2036 500 2094 sed
523 2036 599 2094 ad
627 2053 726 2093 cos
753 2054 1026 2112 provoco,
1055 2036 1156 2114 qui
1181 2035 1498 2114 scriptores
1523 2035 1795 2114 antiquos
1815 2035 1971 2094 bene
1993 2052 2067 2093 ac
2092 2032 2406 2112 diligenter
2432 2033 2702 2111 legerint.

871 2209 1466 2285 DANIELIS
1558 2209 2071 2296 HEINSII,
2160 2283 2163 2286 ,

566 2313 668 2363 AD
700 2311 996 2362 HORATII
1028 2311 1128 2360 DE
1162 2309 1440 2359 PLAUTO
1473 2309 1569 2358 ΕΤ
1598 2311 1959 2362 TERENTIO
1990 2309 2362 2368 JUDICIUM,

1170 2375 1771 2435 DlSSERTATIO.

491 2457 560 2505 At
581 2458 722 2504 nostri
743 2456 900 2522 proavi
922 2455 1172 2510 Plautinos,
1195 2462 1242 2501 et
1263 2469 1490 2510 numeros,
1513 2461 1563 2503 et

488 2521 756 2570 Laudavere
774 2522 920 2578 ὼς
953 2518 1146 2568 nimium
1163 2519 1387 2596 patienter
1408 2527 1661 2582 utrumque,

485 2586 567 2636 Ne
585 2588 730 2635 dicam
753 2583 904 2642 stulti,
925 2587 1102 2634 miratiz
1141 2599 1180 2632 st
1201 2582 1340 2632 modd
1360 2599 1450 2646 ego
1471 2591 1520 2634 et
1539 2600 1625 2634 vos

490 2651 670 2700 Scimus
691 2653 956 2700 inurbanum
977 2651 1128 2712 lepido
1149 2664 1368 2711 seponere
1389 2649 1526 2706 dicto,

493 2713 865 2780 Legitimumque
885 2731 1047 2764 sonum
1071 2714 1226 2776 digitis
1247 2713 1463 2760 callemus
1484 2721 1533 2760 et
1553 2727 1677 2761 aure.

303 2777 562 2840 Durum
604 2781 876 2859 equidem
897 2778 1213 2858 judicium,
1235 2789 1300 2836 et
1326 2775 1487 2855 quod
1513 2796 1633 2837 non
1662 2797 1835 2838 nemo
1852 2779 1965 2840 hac
1992 2789 2171 2840 aetate
2194 2777 2271 2840 de
2288 2780 2554 2859 leporum
2576 2797 2699 2838 om-

223 2853 388 2914 nium
410 2870 676 2936 parente,
695 2878 924 2917 summo
945 2856 1174 2924 critico,
1193 2873 1264 2914 ac
1287 2854 1543 2914 maximo
1560 2859 1737 2935 po'e'ta
1753 2859 2045 2918 excidisse
2066 2859 2251 2916 nollet
2271 2882 2287 2928 ς
2315 2861 2484 2937 cujus
2506 2869 2702 2918 tamen

221 2950 425 2993 vernae
451 2937 662 2996 melius
689 2941 765 2995 de
795 2937 1009 2994 Plauto
1038 2933 1412 3010 judicabant,
1442 2935 1614 3013 quam
1644 2937 1742 3014 qui
1770 2936 2045 2996 familiam
2086 2937 2145 2995 in
2186 2936 2369 2995 literis
2406 2936 2559 2996 tueri
2588 2936 2701 2998 hae

229 3023 412 3072 aetate
438 3014 778 3072 creduntur.
821 3013 942 3079 Qui
961 3031 1074 3071 nec
1091 3011 1310 3081 saeculi,
1341 3033 1458 3091 quo
1476 3012 1643 3082 vixit,
1671 3025 1733 3073 et
1760 3033 1899 3092 quo,
1930 3013 2064 3073 cilm
2096 3015 2307 3092 poe'sis,
2338 3027 2463 3072 tum
2487 3013 2703 3074 Latina

225 3089 460 3166 lingua,
489 3091 566 3149 ad
591 3111 926 3168 supremum
946 3091 1176 3148 culmen
1197 3109 1268 3148 ac
1291 3091 1587 3184 fastigium
1609 3103 1817 3152 evecta
1833 3091 1965 3164 fuit,
1987 3091 2257 3170 ignorare
2278 3090 2473 3168 potuit
2483 3090 2701 3166 judici-
2810 3099 2813 3104 '

225 3185 334 3224 um
359 3190 376 3234 ς
403 3168 494 3224 vir
511 3177 728 3236 tantus,
752 3181 831 3238 et,
851 3166 1010 3248 quod
1031 3167 1116 3225 rei
1133 3180 1308 3260 caput
1334 3171 1607 3240 arbitror,
1638 3171 2019 3249 principibus,
2044 3169 2146 3249 qui
2168 3169 2319 3226 inter
2344 3187 2408 3226 se
2435 3166 2701 3245 quotidie

231 3245 314 3303 de
342 3243 413 3303 iis
431 3246 802 3324 judicabant,
830 3246 1030 3306 intime
1048 3245 1338 3306 familiaris
1357 3267 1428 3307 ac
1447 3248 1688 3308 amicus.
1759 3251 2037 3327 Augusto
2059 3261 2277 3316 autem,
2294 3245 2515 3322 optimo
2534 3243 2702 3322 inge-

223 3323 460 3382 niorum
480 3325 692 3402 Judici,
715 3337 833 3385 tam
855 3336 1059 3404 gratus
1078 3336 1256 3403 atque
1275 3338 1579 3407 acceptus,
1598 3339 1667 3386 ut
1684 3347 1801 3386 non
1829 3330 1959 3386 raro
1986 3323 2373 3406 lepidissimus
2390 3323 2701 3382 homuncio

223 3403 300 3460 ab
328 3422 403 3461 eo
429 3403 748 3476 diceretur,
781 3417 840 3464 et
869 3423 1066 3483 quem,
1094 3404 1144 3464 si
1171 3405 1292 3464 anti
1335 3405 1506 3464 uitati
1534 3406 1806 3465 habenda
1831 3407 1931 3466 hic
1956 3405 2123 3474 fides,
2166 3402 2341 3463 etiam
2372 3403 2590 3461 habere
2622 3403 2697 3462 ab

223 3481 482 3559 epistolis
509 3485 752 3563 optavit.
831 3485 954 3551 Qui
981 3481 1113 3542 cum
1142 3495 1316 3542 contr
1375 3483 1520 3543 tanti
1550 3483 1813 3544 Terentii
1838 3483 2051 3544 fecerit
2075 3481 2339 3552 fabellas,
2369 3494 2437 3541 ut
2464 3492 2525 3540 et
2546 3480 2699 3540 inte·

224 3577 359 3636 gras
378 3579 454 3620 ex
477 3561 546 3622 iis
571 3562 756 3642 prio-515
779 3561 1176 3640 descripserit,
1205 3574 1264 3620 et
1295 3561 1516 3641 ubique
1530 3563 1960 3634 accommodet,
1979 3563 2086 3622 soli
2108 3560 2362 3640 denique
2383 3572 2570 3620 artem
2593 3559 2697 3620 tri-

223 3637 393 3708 buat;
417 3639 667 3700 hominis
687 3639 955 3710 αὐθάδους
983 3639 1178 3719 potitis
1205 3641 1379 3719 quam
1409 3641 1623 3700 eruditi
1652 3653 1828 3713 esset,
1854 3641 1939 3701 ita
1964 3640 2271 3702 dissentire
2298 3641 2335 3697 a
2360 3651 2529 3699 tanto
2548 3639 2694 3710 viro,

219 3727 288 3773 ut
307 3734 384 3778 ne
399 3737 661 3780 caussam
681 3719 918 3799 quidem
939 3717 1103 3800 prius
1124 3719 1595 3796 cognoscendam
1619 3719 1905 3780 crederet.
1928 3723 2127 3787 Quare
2147 3718 2446 3778 videamus
2464 3717 2695 3790 saltem,

218 3793 360 3870 quid
383 3795 594 3855 adferri
613 3817 721 3876 pro
743 3811 996 3878 utroque
1023 3797 1225 3876 possit.
1311 3797 1408 3856 Ne
1437 3797 1533 3856 vel
1558 3798 1755 3858 Flacci
1774 3799 2064 3877 judicium
2085 3800 2146 3856 in
2173 3808 2494 3877 posterum,
2518 3808 2584 3856 ut
2600 3811 2696 3856 so·-

209 3871 360 3942 lent,
390 3884 491 3931 aut
519 3875 859 3936 Terentium
881 3877 1098 3938 secure
1135 3873 1376 3934 nimium
1419 3876 1697 3935 damnare
1726 3877 1963 3956 quidam
2004 3888 2251 3957 pergant
2284 3875 2345 3932 in
2387 3874 2693 3934 comoedift.

211 3949 436 4010 Omnia
451 3963 644 4011 autem
665 3974 774 4032 pro
797 3955 1034 4015 Horatii
1057 3953 1298 4020 ‘udicim
1322 3953 1422 4032 qui
1443 3954 1719 4014 Plautum
1748 3955 1835 4015 sic
1855 3974 2135 4026 amamus,
2166 3966 2227 4014 et
2246 3955 2278 4014 ὲ
2310 3953 2579 4014 manibus
2598 3973 2693 4014 ra-

205 4027 436 4087 rissime
463 4041 733 4109 putemus
755 4033 1024 4111 deponen
1072 4053 1192 4103 um,
1217 4033 1489 4092 dicentur
1506 4033 1703 4121 potius
1721 4034 1897 4112 quam
1924 4047 2143 4093 nostro.
2213 4036 2311 4094 Ac
2337 4033 2413 4091 de
2436 4033 2693 4092 numeris

205 4105 454 4184 quidem
485 4110 760 4170 nonnulla
797 4113 1108 4171 Donatus:
1153 4113 1270 4190 qua
1289 4111 1464 4168 etiam
1503 4131 1565 4169 ιιι
1602 4123 1773 4191 parte
1800 4113 1959 4170 haud
1984 4131 2188 4192 parum
2211 4111 2508 4172 veteribus
2548 4131 2693 4171 non-

204 4185 384 4244 nullis
410 4185 640 4266 placuit
661 4189 992 4250 Terentius.
1077 4190 1294 4248 Ruflno
1323 4189 1561 4267 quidem
1584 4190 1991 4269 grammatico,
2020 4189 2154 4250 cum
2183 4190 2414 4272 inquit:

467 4265 684 4330 Agnovit
702 4275 910 4325 metrum,
931 4276 1173 4331 aratque
1193 4267 1438 4316 Terentius
1459 4275 1633 4317 artem:

467 4329 596 4378 Nam
613 4333 830 4395 prologos
847 4335 1050 4383 trimetro
1072 4333 1228 4382 didicit
1241 4347 1518 4395 componere
1535 4349 1687 4390 versu,

465 4395 812 4458 Scenarumque
831 4407 956 4446 aetus
977 4400 1146 4462 primos
1169 4397 1284 4462 pede
1305 4397 1474 4446 claudit
1494 4399 1672 4446 eodem.

287 4461 647 4540 Quanquam
691 4461 856 4520 certe
893 4462 1123 4536 Fabius,
1165 4481 1285 4521 non
1311 4462 1545 4522 stetisse
1584 4461 1737 4521 intra
1764 4459 2059 4522 trimetros
2085 4459 2354 4540 deplorat
2384 4479 2400 4516 ι
2454 4456 2530 4514 de
2569 4471 2689 4531 quo

209 4538 360 4600 forte
389 4539 538 4601 alias
558 4539 778 4600 dicturi
813 4559 1034 4602 sumus.
1116 4540 1218 4600 Ad
1245 4541 1493 4602 alterum
1515 4541 1855 4618 priusquam
1881 4541 2203 4609 veniamus,
2233 4535 2499 4614 quiedam
2539 4551 2689 4610 prae·

207 4619 492 4680 mittenda
507 4631 707 4680 erunt.
747 4619 902 4682 Cum
920 4619 1146 4680 eaedem
1163 4618 1469 4678 comoediae
1485 4619 1909 4698 propemodum
1926 4619 2044 4678 sint
2064 4627 2257 4694 partes
2272 4632 2344 4672 ac
2364 4610 2692 4688 tragoediae,

205 4697 332 4758 finis
361 4717 600 4778 quoque
627 4718 708 4760 ex
734 4709 906 4779 parte
932 4699 1114 4768 idem,
1139 4717 1215 4756 ex
1245 4708 1414 4775 parte
1433 4698 1717 4768 diversus,
1739 4696 1929 4755 multa
1948 4713 2077 4754 esse
2092 4691 2329 4778 utrique
2357 4691 2691 4779 communia

207 4795 450 4838 necesse
479 4790 590 4838 est.
669 4777 1002 4848 Delectat-e,
1019 4776 1176 4838 enim
1195 4795 1270 4836 ac
1296 4775 1514 4838 docere
1542 4787 1633 4838 est
1658 4771 2001 4838 comoediaez
2042 4785 2235 4846 neque
2251 4765 2447 4826 minus
2474 4783 2691 4826 comici
