3067 4959
238 271 460 339 lxxviii
1076 263 1808 334 PROLEGOMENA

244 431 480 492 ciebant
502 425 701 486 multis
726 424 787 485 in
814 426 1029 497 verbIs,
1054 436 1121 485 ut
1146 425 1311 486 vides
1336 445 1414 487 ex
1442 427 1555 498 his,
1585 423 1894 505 Pomponi,
1921 432 2154 485 veteres
2179 424 2444 489 homines
2475 429 2556 490 ad
2581 449 2742 511 gra-

244 509 406 581 tiam,
434 505 681 566 eandem
708 505 767 563 in
796 505 993 565 multis
1018 505 1353 565 addebant:
1392 517 1461 564 ut
1488 504 1550 562 in
1579 504 1846 564 Andria:

498 584 580 633 Ex
598 581 696 648 ipsi
714 585 891 632 miliens
913 584 1079 632 audivi.

323 649 407 709 Et
432 647 493 706 in
523 647 914 707 Phormione:

504 728 571 774 At
590 727 711 774 enim
734 728 872 775 taedet
890 728 1027 776 etiam
1046 726 1201 775 audire
1220 725 1377 774 eadem
1396 723 1592 772 miliens.

324 789 409 849 Et
432 789 493 848 in
524 790 1233 849 Heautontimorumeno:

505 866 576 915 Ut
594 867 705 915 nihil
724 869 879 918 credas
900 870 1163 931 intelligere.
1187 868 1274 914 nisi
1294 867 1411 916 idem
1434 865 1668 914 dictum’st
1691 865 1908 914 centiens.

326 935 463 1000 Quo
490 930 665 991 etiam
694 951 858 993 more
881 933 941 991 in
968 931 1369 1012 antiquissimo
1398 929 1628 1010 Virgilii
1669 929 1817 990 libro
1842 929 2056 1011 legisse
2081 949 2199 1004 me,
2225 931 2507 992 memoria
2531 944 2716 994 teneo

248 1007 412 1070 illum
440 1028 709 1069 versum:

504 1087 573 1136 Et
592 1089 779 1136 noviens
802 1087 921 1150 Styx
942 1087 1158 1138 interfusa
1178 1088 1371 1136 co'e'rcet.

326 1153 675 1231 Quanquam
702 1152 762 1210 in
789 1153 996 1211 eodem
1024 1153 1174 1211 libro
1203 1150 1379 1210 etiam
1406 1148 1555 1208 illud
1581 1149 1738 1230 legi:

758 1257 823 1266 —
838 1230 942 1278 Nee
962 1232 1061 1279 face
1082 1239 1255 1278 tantum

506 1291 693 1343 Cinneis
712 1309 923 1357 praegnas
944 1296 1065 1358 ignis
1086 1295 1218 1342 enixa
1230 1293 1427 1358 jugales.

332 1356 453 1420 Sed
478 1367 571 1418 est
596 1358 771 1416 etiam
797 1360 856 1415 in
888 1358 1215 1418 Eunucho:

504 1435 644 1484 More
662 1437 893 1484 hominum
916 1439 1080 1492 evenit,
1104 1442 1155 1484 ut
1175 1435 1282 1498 quid
1304 1436 1387 1483 sim
1410 1441 1602 1482 nanctus
1623 1434 1728 1482 mali

505 1499 641 1547 Prius
662 1501 935 1556 rescisceres,
956 1499 1089 1564 quam
1111 1515 1201 1563 ego
1222 1501 1342 1556 illud.
1364 1500 1487 1561 quod
1506 1499 1618 1546 mihi
1637 1499 1789 1548 evenit
1805 1497 1929 1546 boni.

329 1561 452 1624 Sed
493 1573 557 1621 et
571 1563 821 1640 finctum
860 1583 969 1642 pro
990 1565 1163 1642 ficto,
1205 1574 1267 1622 et
1306 1563 1674 1623 thensaurum
1715 1581 1823 1640 pro
1848 1563 2133 1635 thesauro,
2175 1572 2237 1622 et
2255 1566 2708 1642 formonsiorem

247 1659 357 1720 pro
357 1641 730 1717 fimosiore,
759 1641 885 1700 aliis
909 1641 1064 1701 idem
1092 1641 1151 1699 in
1178 1641 1323 1702 locis
1350 1645 1525 1720 poeta
1555 1639 1744 1708 dixit:
1769 1650 1894 1698 tum
1923 1639 2064 1697 illud
2095 1641 2272 1700 etiam
2300 1641 2357 1698 in
2388 1643 2706 1715 Eunucho,

249 1737 449 1786 ossum,
466 1735 577 1796 pro
601 1736 675 1777 eo
696 1717 854 1796 quod
880 1731 969 1778 est
996 1741 1075 1781 os.
1156 1720 1227 1778 In
1246 1738 1367 1798 quo
1394 1718 1675 1796 cognosci
1701 1729 1916 1796 potest,
1940 1719 2114 1796 quam
2143 1719 2362 1780 rectius
2387 1721 2446 1780 in
2471 1733 2709 1781 vetusto

246 1794 368 1866 illo,
396 1814 571 1874 quem
600 1796 775 1854 toties
794 1799 918 1874 jam
948 1795 1103 1866 dico,
1132 1797 1281 1857 libro
1308 1795 1592 1874 scriptum
1620 1796 1681 1854 id
1707 1796 1802 1869 sit,

506 1873 671 1922 Viden·
694 1889 847 1923 ossum
867 1884 914 1923 et
933 1877 1057 1924 cibas
1076 1877 1183 1939 quid
1201 1876 1337 1925 saciat
1348 1876 1521 1924 alicnus
1532 1875 1558 1921 2

248 1935 422 2016 quam
448 1937 510 1995 in
536 1938 784 2010 caeteris,
813 1941 915 2019 qui
949 1939 1167 2000 habent
1193 1941 1392 2010 ocium,
1418 1958 1538 1998 non
1567 1958 1766 1998 ossum.
1849 1937 1972 1998 Sed
2004 1945 2130 2014 jam
2171 1959 2378 2000 vereor
2421 1959 2496 1999 ne
2537 1941 2708 2000 vobis

288 2015 423 2074 lane
470 2015 671 2076 videar
708 2017 930 2078 minuta
969 2018 1213 2078 nimium
1253 2029 1315 2078 et
1354 2017 1564 2096 pusilla
1603 2016 1952 2076 consectari.
2047 2018 2253 2078 Pour-
2315 2019 2502 2078 Nobis
2544 2020 2708 2090 vero,

246 2035 589 2165 {lermolaiss
644 2093 785 2153 nihil
830 2096 1101 2174 pusillum
1150 2107 1347 2175 potest
1386 2115 1535 2164 esse,
1585 2095 1744 2173 quod
1784 2095 2072 2172 ejusmodi
2111 2097 2204 2166 sit,
2246 2097 2307 2153 in
2349 2115 2469 2174 quo
2510 2096 2708 2156 videas

247 2174 483 2250 poe‘tam
536 2173 685 2232 tanti
725 2174 973 2232 nominis
1012 2174 1187 2232 etiam
1228 2173 1588 2250 diligentiam
1629 2171 1980 2244 adhibuisse,
2025 2185 2090 2230 ut
2126 2173 2227 2230 illo
2268 2173 2446 2233 modo
2479 2175 2706 2265 potius,

290 2247 425 2308 uam
454 2249 569 2308 alio
609 2251 1024 2310 conscriberet.
1106 2250 1261 2316 Quin
1290 2249 1487 2320 etiam,
1516 2250 1722 2310 credas
1755 2250 1896 2308 mihi
1923 2249 2110 2318 velim,
2151 2252 2432 2327 majorem
2473 2272 2538 2308 ιιι
2579 2272 2706 2312 mo-

292 2346 389 2386 um
416 2345 523 2386 nos
550 2326 774 2387 minuta
798 2327 911 2388 ista
938 2328 1257 2400 delectant,
1286 2347 1417 2409 quae
1440 2328 1721 2388 attulisti:
1749 2329 1918 2388 valde
1945 2327 2097 2388 enim
2123 2327 2349 2387 faciunt
2373 2327 2454 2388 ad
2482 2328 2708 2390 Teren-

246 2405 465 2466 tianum
490 2405 833 2465 industriam
854 2407 1325 2486 probitatemque
1351 2406 1843 2484 cognoscendam.
1908 2407 2120 2484 Itaque
2137 2425 2404 2484 sequere.
2475 2409 2706 2466 Hann.

252 2485 362 2544 Est
386 2482 585 2562 igitur,
614 2483 888 2562 quoniam
914 2485 997 2544 ita
1022 2485 1128 2558 vis,
1156 2486 1216 2544 in
1258 2485 1572 2556 Eunucho,
1613 2485 1716 2544 ubi
1760 2485 1940 2544 Thais
1985 2483 2225 2544 ancillas
2269 2503 2407 2546 suas
2453 2486 2705 2566 propere

247 2561 581 2644 alloquitur,
610 2562 890 2623 mandans
917 2581 989 2623 ea
1014 2583 1147 2656 quae
1172 2562 1367 2624 curari
1392 2565 1535 2632 vult,
1562 2562 1648 2622 sic
1668 2583 1688 2619 :

506 2641 644 2696 Quid,
666 2643 773 2704 quid
793 2641 912 2690 aliud
932 2642 1055 2690 volui
1078 2644 1258 2691 dicere?
1288 2644 1433 2699 ehem,

506 2704 678 2754 Curate
695 2707 827 2754 istam
846 2707 1085 2770 diligenter
1104 2708 1343 2771 virginem.

327 2768 509 2835 Quasi
576 2773 713 2829 oe'ta
736 2789 1074 2848 suspensam
1105 2771 1391 2831 Thaidem
1422 2770 1758 2831 ostenderet
1785 2789 1982 2830 secum
2010 2771 2197 2850 ipsam
2223 2789 2507 2851 quoerere‚
2535 2769 2706 2850 quid-

247 2865 381 2906 nam
410 2789 573 2904 illud,
576 2860 751 2918 esset,
774 2849 933 2927 quod
960 2850 1237 2909 mandare
1265 2849 1487 2909 ancillis
1510 2849 1568 2907 in
1587 2849 1780 2908 animo
1799 2849 2042 2909 haberet
2063 2869 2193 2921 suo,
2223 2869 2419 2928 neque
2445 2848 2705 2908 reminis-

248 2925 512 2984 cebatur.
592 2927 802 3004 Itaque
828 2926 930 2996 ait,
964 2929 1137 3000 Quid,
1164 2930 1307 3008 quid
1328 2927 1538 2990 aliud?
1617 2931 1754 2996 Quo
1780 2929 1919 2986 item
1958 2946 2134 2988 sensu
2177 2929 2392 2988 Cicero
2429 2937 2519 2986 est
2563 2945 2704 2986 usus

248 3003 307 3062 in
334 3002 453 3064 suis
479 3002 591 3063 illis
618 3003 693 3064 ad
723 3005 993 3064 Atticum
1021 3010 1158 3068 vere
1197 3007 1575 3068 familiaribus
1615 3005 1907 3086 epistolis:
1958 3007 2115 3074 Quid
2143 3017 2431 3086 praterea
2449 3006 2482 3063 9
2517 3005 2704 3085 quid?

246 3084 415 3143 etiam
437 3107 461 3142 .-
505 3083 765 3142 Gabinus
790 3085 871 3142 ad
896 3102 969 3144 lv
993 3085 1259 3146 calendas
1289 3087 1547 3146 Octobris
1585 3094 1753 3145 noctu
1777 3085 1840 3144 in
1867 3084 2058 3143 urbem
2083 3085 2328 3144 introiit.
2411 3083 2488 3142 Et
2525 3083 2701 3142 alibi:

248 3162 409 3223 Novi
432 3161 699 3240 quidnam
725 3162 962 3222 scribam
982 3163 1015 3221 8
1040 3164 1225 3242 quid?
1248 3165 1418 3222 etiam
1439 3189 1466 3234 ,-
1498 3161 1753 3223 Messala
1779 3161 1976 3222 consul
2001 3163 2456 3222 Ambronianam
2481 3161 2705 3221 domum

246 3241 399 3300 emit.
478 3239 561 3298 Et
587 3239 760 3297 item:
806 3239 993 3300 Aliud
1014 3242 1156 3319 quid
1169 3241 1202 3299 9
1240 3242 1410 3300 etiam
1432 3265 1455 3300 .·
1496 3241 1726 3318 quando
1750 3249 1806 3298 te
1827 3241 2110 3318 preficisct'
2133 3241 2298 3299 istinc
2316 3241 2613 3318 putesfic
2639 3249 2705 3298 ut

246 3319 435 3379 sciam.
498 3316 727 3383 Quibus
754 3317 814 3374 in
840 3318 987 3376 locis
1012 3319 1182 3377 etiam
1210 3337 1327 3375 non
1355 3317 1626 3376 addentis
1645 3329 1755 3384 est,
1777 3317 1882 3376 sed
1902 3319 2212 3379 annuentis
2228 3315 2700 3393 affin-mentisque,

246 3415 311 3454 se
336 3393 563 3455 scilicet
590 3393 735 3451 illud
759 3394 995 3464 habere,
1025 3395 1186 3473 quod
1224 3393 1480 3454 scribat:
1532 3407 1599 3454 ut
1643 3395 1778 3454 loco
1823 3399 1950 3471 ejus
1990 3397 2174 3467 verbi,
2202 3393 2360 3474 quod
2386 3392 2704 3452 Terentius

247 3472 400 3530 dixit
424 3471 597 3540 ehem,
629 3469 789 3560 quod
814 3470 1051 3606 quidem
1084 3484 1211 3532 erat
1249 3473 1550 3549 poeticum
1589 3472 1727 3532 sane
1766 3475 2030 3546 verbum,
2069 3475 2195 3553 ipse
2239 3473 2408 3534 etiam
2453 3471 2702 3544 diceret,

246 3547 481 3619 castius,
510 3545 735 3606 medius
774 3547 811 3604 fi
856 3548 969 3618 ius,
998 3559 1061 3608 et
1086 3549 1460 3610 moderatius.
1542 3550 1726 3630 Apud
1755 3551 2102 3612 Ciceronem
2129 3564 2327 3612 autem
2355 3569 2473 3610 non
2499 3568 2618 3608 uno
2641 3550 2706 3608 in

244 3627 401 3698 loco,
425 3625 531 3684 sed
556 3624 840 3703 pluribus,
860 3627 1031 3686 etiam
1046 3627 1383 3696 affirmantis
1404 3648 1534 3688 esse
1558 3640 1784 3702 notum,
1807 3630 1906 3689 cui
1929 3631 2284 3691 contrarium
2303 3629 2550 3688 infertur
2567 3649 2704 3698 non,

244 3724 362 3764 non
390 3718 451 3764 te
472 3702 725 3763 arbitror
750 3703 976 3782 fugere.
1059 3705 1177 3765 Sed
1203 3706 1365 3767 visne
1392 3707 1519 3780 tibi,
1551 3708 1860 3788 Pomponi,
1887 3707 2178 3768 recenseri
2205 3709 2242 3765 a
2267 3727 2360 3768 me
2387 3726 2489 3766 eos
2514 3712 2707 3785 poetic

243 3802 443 3844 versus
465 3781 565 3862 qui
590 3781 731 3839 mihi
756 3782 814 3840 in
844 3793 1099 3842 mentem
1120 3785 1375 3856 venient,
1398 3787 1459 3844 in
1476 3786 1688 3864 quibus
1712 3787 1850 3846 insit
1873 3787 2112 3866 aliquid,
2136 3786 2296 3865 quod
2322 3797 2382 3844 te
2409 3785 2708 3844 delectare

244 3861 462 3939 possit:
504 3859 688 3918 sinam
734 3879 808 3920 uc
834 3872 896 3920 te
920 3861 1063 3919 illud
1090 3863 1310 3940 aliquid
1338 3883 1602 3944 quaerere
1629 3885 1706 3926 ex
1732 3876 1840 3924 tuo
1869 3865 2132 3924 Terentii
2160 3864 2330 3932 libro,
2356 3861 2492 3922 cum
2521 3863 2703 3930 voles,

245 3938 401 3998 domi
450 3939 611 3998 tuae?
746 3957 899 3998 om’.
962 3939 1095 4018 Ego
1140 3942 1281 4001 vero
1320 3943 1595 4002 maxime.
1673 3943 1822 4003 Vult
1861 3954 2060 4003 autem
2085 3943 2262 4002 etiam
2291 3941 2578 4000 Phaedrus
2603 3939 2704 3998 hic

242 4017 326 4076 ita
354 4029 412 4076 te
438 4017 667 4078 facere:
700 4018 800 4096 qui
828 4019 1099 4097 quoniam
1126 4031 1236 4091 est,
1264 4031 1333 4080 ut
1356 4021 1540 4092 vides,
1569 4021 1883 4080 admodum
1912 4021 2274 4090 adolescens,
2301 4018 2581 4080 retinebit
2603 4017 2706 4078 illa

243 4093 468 4165 melius,
540 4115 630 4154 uae
654 4095 926 4157 dicentur
951 4098 1054 4156 abs
1082 4109 1163 4170 te,
1194 4099 1369 4177 quam
1396 4119 1531 4177 ego,
1562 4101 1660 4179 qui
1703 4119 1904 4160 senex.
1987 4100 2282 4159 vacillare
2323 4113 2521 4158 autem
2549 4115 2708 4173 soepe

242 4173 525 4235 memorie
546 4177 581 4231 a
612 4192 783 4234 senes
822 4175 1086 4236 homines
1126 4195 1243 4235 non
1285 4188 1345 4237 te
1387 4176 1560 4255 fugit.
1641 4180 1852 4256 Itaque
1901 4189 2034 4236 utar
2078 4179 2225 4256 ipso,
2271 4175 2321 4235 si
2364 4176 2476 4235 erit
2521 4193 2708 4253 opus;

242 4273 423 4336 quare
447 4271 714 4344 sequere.
774 4254 1220 4315 Hannonaus.
1284 4255 1418 4334 Ego
1438 4255 1579 4315 vero
1600 4273 1832 4335 sequor.
1903 4255 2054 4316 Sunt
2075 4255 2254 4336 igitur
2269 4255 2330 4314 in
2349 4254 2560 4314 eodem
2583 4252 2708 4310 Eu·-

240 4334 437 4394 nucho
466 4353 651 4412 prima
678 4331 842 4392 haec:

496 4413 547 4460 si
598 4413 799 4475 uisquam
820 4417 903 4467 est,
924 4413 999 4473 qui
1018 4413 1195 4476 placere
1214 4415 1391 4461 studeat
1408 4413 1542 4460 bonis

498 4429 653 4533 Qssm
673 4477 887 4541 plurimis,
910 4484 957 4524 et
978 4475 1163 4525 minime
1184 4478 1352 4525 multos
1371 4478 1550 4534 loedere,

496 4541 553 4588 In
577 4543 648 4591 his
667 4542 802 4606 poeta
820 4543 905 4590 boc
927 4555 1092 4590 nomen
1112 4542 1345 4604 profitetur
1366 4557 1515 4590 suum.

494 4605 617 4654 Tum
640 4607 679 4654 si
699 4609 799 4670 quis
820 4615 903 4662 est,
926 4607 1002 4668 qui
1022 4607 1190 4653 dictum
1213 4607 1260 4653 in
1285 4621 1335 4656 se
1355 4605 1670 4656 inclementius

492 4667 787 4722 Existimavit
806 4685 919 4728 esse,
942 4671 1009 4721 sie
1028 4671 1281 4722 existimet:
