3067 4959
1161 316 1809 387 TERENTIANA.
2648 326 2719 390 xi

233 500 418 543 nemo
443 478 793 561 diligentius
821 477 1102 539 Terentio
1125 479 1462 539 custodivit.
1564 482 1901 549 Quinetiam
1944 482 2101 543 solus
2135 499 2311 541 ausus
2338 492 2447 553 est,
2476 482 2617 543 culm
2656 484 2717 542 in

235 562 392 621 fictis
409 558 778 641 argumentis
791 557 965 617 fldem
977 558 1237 618 veritatis
1245 572 1679 638 assequeretur,
1690 561 1865 619 etiam
1878 571 2085 620 contra
2100 556 2442 639 praescripta
2456 562 2717 633 comica,

239 641 586 699 meretrices
615 638 906 697 interdum
934 656 1054 695 non
1079 636 1262 696 malas
1289 638 1699 699 introducere:
1740 638 1954 719 quibus
1988 650 2206 709 tamen,
2236 658 2342 697 cur
2382 640 2553 699 bonae
2583 640 2719 711 sint,

242 730 307 777 et
325 718 600 796 voluptas
624 734 730 795 per
753 716 944 807 ipsum
971 726 1032 775 et
1055 734 1260 775 caussa
1279 736 1398 775 non
1419 716 1593 775 desit.
1674 718 1827 777 Haec
1846 719 1984 777 cum
2006 714 2479 777 artificiosissima
2496 718 2723 779 Teren-

242 796 362 853 tius
380 796 620 854 fecerit:
643 806 764 853 tum
785 793 930 852 illud
947 804 1038 853 est
1053 793 1476 865 admirandum,
1496 794 1657 873 qudd
1678 807 1739 855 et
1758 815 1981 855 morem
2000 795 2260 865 retinuit,
2280 805 2346 853 ut
2354 797 2723 857 Comoediarn

237 874 553 943 scriberet,
582 868 642 933 et
670 872 1018 951 temperavit
1043 871 1338 941 affectum,
1367 892 1442 930 ne
1483 873 1543 931 in
1586 874 1963 952 Tragoediam
2004 872 2353 933 transiliret:
2394 875 2555 954 quod
2583 892 2721 935 cum

241 949 374 1009 aliis
403 952 578 1011 rebus
605 950 840 1009 minime
869 952 1172 1011 obtentum
1202 960 1264 1008 et
1291 950 1328 1009 a
1355 951 1590 1023 Plauto,
1612 962 1676 1011 et
1703 954 1777 1012 ab
1807 952 2078 1023 Afranio,
2108 964 2166 1011 et
2192 951 2404 1022 Accio,
2434 964 2495 1013 et
2523 953 2723 1013 multis

239 1028 370 1089 fiere
400 1030 624 1108 magnis
654 1029 912 1091 Cornicis
951 1029 1290 1087 invenimus.
1389 1028 1549 1088 Illud
1581 1050 1817 1110 quoque
1856 1031 2015 1090 inter
2052 1028 2437 1091 Terentianus
2474 1030 2722 1090 virtutes

243 1106 528 1177 mirabile,
559 1108 715 1187 qued
745 1110 874 1185 ejus
897 1106 1132 1167 Fabula:
1151 1125 1226 1165 eo
1246 1119 1383 1165 sunt
1403 1118 1887 1185 temperamento,
1912 1120 1979 1169 ut
1998 1128 2191 1191 neque
2213 1118 2624 1172 extumescunt
2644 1110 2721 1169 ad

241 1186 526 1263 tragicam
547 1186 980 1255 celsitudinem,
1007 1204 1202 1265 neque
1221 1186 1575 1265 abjiciantur
1591 1186 1664 1245 ad
1685 1188 1973 1248 mimicam
1992 1188 2294 1247 vilitatem.
2362 1188 2541 1247 Adde
2556 1186 2723 1267 qudd

242 1263 386 1321 nibil
415 1266 748 1324 abstrusum
789 1266 866 1323 ab
905 1282 980 1322 eo
1017 1262 1296 1342 ponitur:
1347 1275 1450 1323 aut
1483 1266 1647 1343 quod
1682 1268 1757 1325 ab
1796 1266 2089 1325 historicis
2140 1264 2553 1343 requirendum
2604 1266 2715 1324 sit:

244 1343 407 1420 quod
434 1345 646 1423 saepius
689 1344 933 1401 Plautus
971 1340 1137 1412 facit,
1177 1350 1242 1399 et
1279 1342 1354 1401 eo
1397 1354 1488 1401 est
1527 1342 1833 1403 obscurior
1870 1344 1929 1402 in
1970 1344 2235 1423 pluribus
2274 1344 2438 1403 locis.
2545 1344 2723 1403 Adde

243 1418 404 1498 qued
433 1422 762 1513 argumenti
791 1438 861 1480 ac
887 1420 1026 1497 styli
1053 1421 1136 1479 ita
1161 1421 1390 1480 attente
1417 1440 1643 1480 memor
1666 1434 1777 1491 est,
1808 1434 1874 1482 ut
1902 1442 2186 1500 nusquam
2216 1440 2333 1481 non
2358 1423 2581 1483 caverit
2616 1434 2721 1482 ant

247 1512 544 1559 curaverit
570 1519 660 1569 ea,
689 1518 822 1579 quae
838 1500 1044 1557 obesse
1059 1507 1420 1578 potuerunt:
1451 1510 1577 1558 tum
1600 1499 1757 1578 qudd
1784 1502 1975 1560 media
1990 1500 2191 1581 primis
2211 1512 2391 1580 atque
2409 1500 2721 1579 postremis

245 1576 330 1634 ita
357 1578 588 1649 nexuit,
621 1590 686 1636 ut
709 1577 852 1635 nihil
880 1576 1144 1636 additum
1173 1578 1364 1648 alteri,
1392 1578 1498 1637 sed
1538 1590 1739 1656 aptum
1769 1600 1845 1638 ex
1873 1598 1939 1639 se
1979 1590 2167 1639 totum
2208 1590 2271 1639 et
2311 1597 2429 1639 uno
2468 1596 2721 1657 corpore

247 1652 518 1715 videatur
544 1676 671 1716 esse
700 1655 1116 1735 compositum.
1202 1656 1358 1716 Illud
1387 1674 1627 1736 quoque
1652 1657 1915 1716 mirabile
1942 1658 1999 1715 in
2030 1676 2141 1717 eo:
2182 1656 2388 1737 primo,
2416 1658 2575 1737 qudd
2602 1676 2721 1716 non

246 1732 334 1791 ita
351 1734 556 1793 miscet
575 1752 854 1813 personas
875 1746 1148 1813 quatuor,
1169 1746 1238 1795 ut
1257 1737 1512 1794 obscura
1538 1734 1617 1794 sit
1640 1752 1841 1795 earum
1872 1736 2191 1795 distinctio.
2268 1734 2349 1794 Bt
2367 1736 2531 1805 item,
2556 1735 2723 1813 qudd

247 1806 392 1869 nibil
419 1813 495 1870 ad
532 1814 813 1893 populum
853 1810 1000 1871 facit
1039 1825 1322 1883 actorem,
1364 1812 1528 1871 velut
1554 1830 1632 1871 ex
1676 1814 2017 1893 Tragoedia,
2064 1814 2265 1895 loqui:
2316 1816 2477 1895 quod
2514 1814 2721 1874 vitium

251 1888 452 1949 Plauti
487 1890 1022 1969 frequentissimum
1049 1901 1160 1949 est.
1239 1891 1396 1951 mud
1437 1892 1615 1950 etiam
1656 1892 1807 1951 inter
1836 1905 2051 1952 caetera
2087 1897 2216 1971 ejus
2254 1892 2431 1951 laude
2477 1892 2721 1970 dignum

250 1967 506 2038 videtur,
535 1970 692 2048 quod
716 1968 1105 2048 locupletiora
1144 1989 1210 2029 ar
1254 1980 1491 2028 umenta
1528 1988 1608 2028 ex
1650 1970 1984 2049 duplicibus
2024 1988 2099 2028 ne
2144 1971 2278 2028 otiis
2318 1971 2606 2047 delegerit
2645 1972 2723 2029 ad

247 2044 652 2103 scribendum.
711 2046 866 2104 Nam
887 2051 1144 2125 excepta
1169 1990 1433 2125 ifecyra,
1453 2049 1510 2105 in
1533 2051 1655 2128 quii
1674 2049 1847 2109 unius
1869 2049 2114 2129 Pamphi
2140 2048 2157 2105 i
2176 2066 2339 2107 amor
2358 2059 2471 2121 est,
2492 2060 2723 2109 caeteroe

245 2123 520 2203 quinque
549 2122 714 2183 binos
741 2123 1210 2187 adolescentulos
1237 2125 1472 2185 babent.

1334 2246 1411 2255 *n*

1137 2324 1266 2383 AN
1268 2324 1334 2383 N
1335 2322 1731 2385 OTATION
1733 2324 1839 2385 Es

1042 2437 1109 2503 J.
1157 2435 1378 2502 HEN.
1429 2430 1922 2503 BOECLERI

833 2558 912 2609 m
944 2554 1237 2609 sument
1271 2554 1627 2607 vmsnmu
1659 2554 1761 2607 mr
1792 2556 2169 2608 mnam-10.

325 2646 406 2706 In
447 2645 540 2707 his
579 2646 820 2725 judiciis
859 2646 1126 2725 quoedam
1172 2664 1250 2710 ne
1287 2646 1655 2708 absurditate
1692 2646 1929 2729 quidem
1958 2658 2199 2707 carent:
2260 2646 2435 2725 quale
2485 2646 2727 2709 Volcatii

247 2722 502 2805 Sedigiti
529 2726 756 2803 pridem
783 2726 978 2785 doctis
1003 2724 1188 2784 visum
1224 2735 1334 2783 est.
1413 2723 1731 2805 Elegantia
1768 2726 2059 2803 sermonis,
2099 2734 2156 2783 et
2192 2745 2393 2796 mores,
2434 2744 2726 2785 consensu

249 2804 590 2863 tribuuntur
611 2824 626 2861 ε
658 2804 835 2865 etiam
857 2824 956 2864 ars
979 2813 1036 2863 et
1051 2803 1222 2863 metri
1239 2800 1565 2883 diligentia.
1642 2802 1717 2863 In
1736 2804 2085 2884 argumentis
2104 2802 2247 2882 quid
2267 2803 2457 2863 valeat
2474 2804 2725 2863 subinde

249 2881 596 2943 videbimus.
675 2883 958 2943 Diximus
980 2893 1178 2943 autem
1205 2891 1402 2951 antea,
1430 2879 1592 2941 aliud
1618 2880 1717 2941 vul
1764 2880 1801 2952 ⁴,
1828 2880 1988 2941 aliud
2014 2882 2375 2943 eruditorum
2408 2882 2484 2943 de
2528 2882 2727 2941 Poetis

237 2958 534 3033 judicium
555 2980 706 3033 esse.
747 2960 946 3033 Certe,
967 2959 1016 3019 si
1079 2958 1476 3031 abutenda,
1497 2961 1741 3020 Horati:
1761 2980 1961 3019 versus
1980 2960 2159 3031 allati,
2178 2962 2273 3021 vul
2324 2958 2337 2973 ⁶
2352 2960 2724 3031 sententiam,

253 3054 373 3093 non
393 3037 600 3114 ipsius,
627 3040 837 3097 summi
857 3038 996 3098 sane
1028 2980 1255 3105 grisei,
1284 3037 1645 3117 exprimunt.
1727 3038 1885 3104 Quid
1922 3040 2077 3097 enim
2103 3038 2227 3117 ipse
2254 3058 2291 3097 a
2332 3038 2641 3097 miraretur
2664 3037 2726 3097 in

259 3112 530 3191 principe
557 3115 954 3185 comicorum,
982 3114 1168 3173 noluit
1198 3116 1470 3193 cuiquam
1510 3116 1813 3176 occultum
1854 3134 2003 3175 esse.
2082 3116 2201 3193 lpsi
2242 3114 2458 3175 eruditi
2496 3126 2725 3173 tantum

257 3190 417 3249 inter
453 3211 523 3251 se
563 3210 684 3251 non
727 3192 1059 3273 discrepare
1091 3192 1463 3266 videbuntur,
1504 3194 1553 3253 si
1594 3194 1857 3273 singulos
1898 3193 2247 3262 intueamur,
2288 3191 2429 3269 quin
2470 3192 2642 3252 unius
2666 3206 2730 3253 et

256 3269 500 3330 alterius
517 3271 1160 3331 sententiacoeterorum
1178 3273 1531 3333 auctoritate
1549 3274 1717 3331 obrui
1736 3282 1930 3351 queat.
1972 3272 2071 3331 De
2094 3270 2346 3331 Horatio
2366 3268 2591 3329 dictum
2606 3280 2727 3329 est:

259 3367 435 3426 quem
462 3368 582 3407 non
613 3348 779 3430 legit,
809 3350 994 3409 multd
1019 3348 1212 3411 minus
1240 3351 1629 3411 Terentianus
1654 3352 1716 3410 in
1742 3370 1815 3410 eo
1842 3347 2195 3411 imitationes
2234 3348 2585 3421 observavit,
2624 3352 2729 3431 qui

257 3426 333 3484 ad
359 3427 714 3507 interpretes
739 3428 852 3489 sibi
881 3430 977 3488 hic
1004 3429 1264 3489 eundum
1289 3428 1608 3489 existimat.
1692 3430 1882 3489 Servii
1906 3428 2229 3489 auctoritas
2267 3426 2417 3488 tanti
2456 3447 2575 3488 non
2616 3442 2727 3500 est,

257 3516 326 3563 ut
343 3504 480 3565 loco
497 3506 740 3567 rationis
761 3526 892 3567 esse
905 3509 1144 3569 debeat.
1201 3508 1417 3567 Nonne
1438 3508 1593 3565 enim
1611 3507 1797 3566 multa
1814 3518 1970 3578 sunt,
1994 3526 2125 3586 quae
2144 3506 2490 3567 eruditionis
2511 3508 2729 3587 potius,

261 3583 433 3660 quam
451 3584 664 3659 judicii
692 3585 1032 3647 facultatem
1061 3586 1118 3645 in
1145 3604 1220 3645 eo
1249 3586 1653 3645 Grammatico
1682 3586 2015 3646 testantur?
2090 3586 2305 3647 Fabius
2338 3586 2731 3655 Quintilianus

256 3660 433 3738 pleno
459 3662 662 3723 laudat
689 3682 794 3723 ore
822 3664 1184 3735 Terentium,
1211 3663 1324 3722 nisi
1349 3664 1509 3742 quod
1533 3663 1771 3725 incaute
1798 3664 1873 3723 de
1902 3663 2179 3723 trimetris
2203 3663 2403 3723 addit:
2444 3664 2731 3725 refutatus

261 3739 470 3799 merito
488 3740 526 3801 ἰ
553 3740 802 3823 Georgia
827 3743 1114 3803 Fabricio.
1185 3742 1500 3811 caeteram,
1523 3742 1627 3821 qui
1648 3740 2027 3821 paucissimos
2042 3753 2336 3801 accurata:
2356 3740 2577 3803 critica:
2595 3762 2730 3803 suc·

263 3835 432 3877 cessu
453 3819 612 3877 omni
629 3840 756 3880 aevo
773 3820 1130 3899 praestitisse,
1151 3819 1416 3898 ignorat:
1447 3819 1611 3879 illum
1638 3822 1921 3900 pleraque
1950 3819 2241 3879 interioris
2266 3820 2549 3881 doctrina:
2581 3841 2735 3901 mys-

263 3893 412 3953 teria
446 3896 678 3975 fugiant
719 3918 962 3959 necesse
1001 3910 1111 3958 est.
1214 3898 1352 3957 Non
1389 3898 1607 3959 sufficit.
1646 3898 1919 3969 eruditio,
1966 3918 2099 3977 quae
2138 3896 2555 3959 confidentiam
2599 3919 2731 3979 per·-

261 3990 422 4048 saepe
447 3986 724 4051 generat:
765 3988 832 4037 ut
856 3976 992 4055 plus
1018 3978 1159 4037 satis
1186 3976 1441 4056 prompti
1467 3976 1605 4049 sint,
1644 3978 1722 4037 ad
1762 3976 2291 4055 pronunciandum,
2332 3978 2432 4055 qui
2475 3976 2733 4039 auctoris

257 4049 502 4187 genium
527 4055 782 4115 nondum
813 4054 1292 4133 per-didicerunt:
1337 4074 1412 4114 ne
1437 4054 1633 4115 dicam
1660 4056 1735 4115 de
1774 4054 2132 4133 pervulgatis
2172 4054 2560 4135 opinionibus,
2601 4076 2733 4135 quae

301 4128 424 4189 aud
455 4130 582 4187 raro
605 4132 851 4193 eximias
878 4152 1114 4212 quoque
1143 4145 1370 4192 mentes
1397 4133 1745 4193 devertunt:
1792 4134 1930 4195 cum
1957 4135 2300 4211 praesertinn
2388 4134 2505 4194 uod
2546 4135 2733 4214 probe

256 4204 609 4280 notandum,
635 4212 708 4271 de
735 4214 888 4271 nova
907 4212 1202 4271 comoedia
1218 4210 1589 4287 judicaturis,
1622 4225 1925 4291 respectus
1946 4211 2157 4271 veteris
2177 4212 2347 4271 subin
2392 4233 2427 4273 e
2450 4215 2729 4281 obstaret,

257 4286 642 4365 animumque
679 4290 904 4350 diverse
927 4292 1209 4351 traheret.
1289 4289 1506 4349 Dicam
1531 4290 1779 4349 iterum:
1826 4290 2101 4349 Accedat
2125 4290 2212 4347 vir
2239 4290 2475 4371 ingenio
2502 4301 2564 4349 et
2589 4290 2733 4349 doc·-

257 4364 412 4427 trina
447 4368 980 4443 praestantissimus,
1021 4368 1096 4431 ad
1135 4367 1436 4427 serendam
1475 4368 1653 4447 paul&
1679 4368 2032 4460 explicatius
2066 4368 2143 4427 de
2181 4388 2395 4447 magno
2434 4368 2633 4444 aliquo
2668 4378 2735 4424 et

253 4444 526 4519 perfecto
553 4464 634 4505 ex
665 4446 980 4507 Veteribus
1008 4446 1192 4507 Poeta
1229 4448 1621 4507 sententiam:
1662 4447 1773 4507 nist
1814 4446 2025 4505 iterum
2066 4446 2397 4523 iterumque
2436 4442 2731 4575 relefferit,

255 4520 362 4579 nisi
396 4522 754 4602 cogitaverit
793 4524 1188 4597 subtilissime,
1227 4544 1302 4583 ac
1339 4524 1610 4603 exegerit
1648 4524 1879 4605 singula
1904 4522 2318 4601 attentissimo,
2360 4520 2531 4587 facile
2600 4518 2737 4608 inea

253 4600 516 4663 excidet.
599 4604 990 4665 Documenta
1015 4604 1286 4665 nolumus
1305 4602 1432 4681 jam
1449 4599 1659 4663 nisiex
1682 4602 1952 4681 proximo
1972 4611 2193 4679 petere.
2278 4596 2444 4653 Sicut
2464 4612 2733 4653 acerrimi
