3067 4959
343 316 484 381 xxii
1201 316 1933 385 PROLEGOMENA

391 476 732 555 rivatorum,
757 482 971 562 quibus
995 476 1258 547 discitur,
1287 476 1431 556 quid
1469 477 1549 537 sit
1572 478 1635 537 in
1658 476 1783 539 vita
1820 476 1984 548 utile,
2026 475 2171 555 quid
2208 476 2419 538 contra
2460 474 2822 539 evitandum.

423 576 538 619 anc
565 562 764 623 Graeci
787 563 872 621 sic
899 556 1194 623 definiere,
1223 554 1490 635 κωμῳδία
1514 556 1657 615 ἐστὶν
1684 557 1963 614 ἰδιωτικῶν
2004 554 2097 613 καὶ
2132 557 2424 615 πολιτικῶν
2462 557 2822 635 πραγμάτων

357 630 632 709 οἱκῖνδυνος
657 634 905 727 περιοχή.
987 634 1354 695 Comoediam
1395 654 1526 696 esse
1570 637 1771 695 Cicero
1808 635 1891 695 ait
1932 636 2305 695 imitationem
2342 635 2499 706 υἱέα,
2538 636 2821 714 speculum

349 719 788 783 eonsuetudinu,
815 714 1116 793 arnaginem
1143 714 1420 774 veritatis.
1503 713 1829 775 Comoedioe
1860 724 2059 773 autem
2086 714 2122 769 a
2150 732 2311 773 more
2337 714 2581 794 antiquo
2608 713 2821 785 dictam

355 796 497 873 quia
523 797 578 853 in
605 793 745 851 vicis
773 792 1101 867 hujusmodi
1129 792 1388 853 carmina
1415 792 1582 851 initio
1608 792 1953 868 agebantur,
1974 791 2135 870 apud
2162 792 2443 851 Graecos:
2476 792 2621 851 utin
2650 794 2821 853 Italia

355 870 768 949 Compitalitiis
787 870 1049 941 ludicris,
1071 870 1326 930 admisso
1349 869 1848 951 pronunciationis
1868 870 2127 942 modulo,
2148 888 2287 947 quo,
2310 870 2451 929 dum
2467 882 2639 931 actus
2658 890 2821 931 com-

353 960 674 1017 mutantur,
701 948 956 1039 populus
981 948 1372 1009 detinebatur.
1455 952 1587 1009 Aut
1612 944 1722 1007 circi
1746 950 1858 1007 τῶν
1885 948 2110 1027 κωμῶν,
2140 949 2255 1009 hoc
2280 960 2391 1019 est,
2418 950 2492 1009 ab
2519 960 2663 1009 actu
2687 952 2820 1011 vite

351 1025 674 1089 bominum,
701 1045 800 1105 qui
829 1028 888 1085 in
919 1028 1062 1087 vicis
1087 1028 1450 1097 habitabant,
1477 1030 1555 1087 ob
1582 1027 2045 1087 mediocritatem
2084 1028 2516 1087 fortunatorum
2538 1050 2555 1085 z
2598 1048 2719 1088 non
2760 1029 2819 1087 iu

349 1104 498 1165 aulis
525 1104 722 1182 regiis,
753 1117 818 1163 ut
843 1118 982 1165 sunt
1007 1124 1270 1185 personae
1297 1106 1556 1183 tragicae.
1638 1106 1947 1167 Comoedia
1972 1106 2135 1175 vero,
2164 1106 2303 1197 quia
2326 1113 2535 1184 poema
2560 1109 2670 1168 sub
2694 1108 2819 1167 imi-

353 1181 576 1241 tatione
604 1184 736 1243 vitae
763 1196 942 1263 atque
969 1204 1194 1243 morum
1219 1184 1603 1244 similitudine
1628 1185 2017 1262 compositum
2046 1196 2157 1255 est,
2186 1204 2243 1243 in
2272 1198 2466 1263 gestu,
2496 1196 2558 1244 et
2584 1184 2645 1243 in
2684 1207 2820 1265 pro·

350 1260 730 1321 nunciatione
756 1264 1040 1323 consistit.
1124 1262 1488 1323 Comoediam
1515 1264 1677 1342 apud
1703 1263 1949 1323 Graecos
1976 1262 2219 1322 dubium
2248 1275 2339 1322 est
2362 1264 2493 1343 quis
2534 1263 2821 1326 invenerit

349 1338 594 1417 primus,
623 1342 781 1418 apud
809 1342 1051 1401 Latinos
1073 1352 1301 1401 certum
1323 1352 1432 1399 est.
1514 1341 1877 1402 Comoediam
1898 1354 1958 1401 et
1980 1342 2327 1421 tragoediam
2349 1353 2609 1421 togatam
2632 1344 2819 1423 prim&

353 1418 562 1478 Livius
582 1420 944 1481 Andronicus
959 1420 1204 1499 reperit:
1227 1419 1447 1497 aitque,
1473 1420 1818 1480 Comoediam
1838 1440 1956 1480 esse
1972 1422 2323 1499 quotidiam
2341 1422 2477 1481 υἱέα*
2492 1421 2771 1501 speculum
2792 1446 2817 1483 .·

351 1516 466 1556 nec
493 1496 744 1575 injuria,
783 1518 916 1557 nam
945 1513 1012 1557 ut
1040 1498 1247 1558 intenti
1273 1499 1518 1575 speculo
1544 1499 1807 1557 veritatis
1833 1498 2187 1558 lineamenta
2212 1499 2383 1559 facilc
2452 1518 2519 1559 er
2536 1500 2817 1579 imagines

351 1575 704 1653 colligimus,
745 1577 830 1635 ita
865 1577 1122 1636 lectione
1155 1576 1462 1635 comoedioe
1502 1576 1887 1636 imitationem
1930 1576 2065 1634 vitae
2104 1588 2391 1637 consuetu
2436 1576 2545 1635 inis
2588 1598 2663 1637 ue
2699 1599 2817 1639 non

351 1656 654 1732 egerrime
679 1654 1213 1714 animadvertimuS.
1275 1656 1474 1731 Hujus
1489 1667 1685 1715 autem
1705 1655 1943 1732 originis
1970 1654 2119 1713 ratio
2134 1657 2209 1716 ab
2226 1657 2447 1715 exteris
2464 1657 2815 1735 civitatibus,

351 1734 730 1813 moribusque
739 1734 1026 1812 provenit.
1067 1733 1462 1793 Athenienses
1481 1752 1733 1811 namque
1748 1734 2009 1793 Atticam
2022 1734 2423 1795 custodientes
2444 1736 2817 1813 elegantiam,

353 1812 494 1871 cum
520 1814 736 1872 vellent
764 1812 913 1871 male
942 1812 1202 1871 viventes
1229 1824 1453 1879 notare,
1481 1814 1541 1871 in
1564 1814 1725 1871 vicos
1753 1823 1815 1871 et
1841 1812 2101 1889 compita
2126 1832 2205 1872 ex
2234 1815 2501 1873 omnibus
2526 1814 2673 1875 locis
2698 1816 2816 1875 laeti

353 1889 696 1970 alacresque
711 1890 1043 1960 veniebant,
1060 1889 1260 1969 ibique
1279 1909 1414 1950 cum
1435 1884 1786 1961 nominibus,
1814 1890 2177 1969 singulorum
2198 1891 2373 1951 vitam
2402 1892 2780 1973 publicabant
2796 1915 2813 1949 ε

355 1970 515 2029 unde
541 1988 754 2028 nomen
780 1969 1194 2048 compositum,
1223 1982 1289 2029 ut
1315 1970 1609 2029 comoedia
1636 1982 1965 2029 vocaretur.
2048 1970 2201 2031 Haec
2234 1983 2433 2031 autem
2460 1972 2719 2033 carmina
2756 1972 2821 2031 in

397 2049 536 2108 ratis
562 2046 811 2126 primum
841 2049 1111 2108 mollibus
1139 2049 1485 2126 agebantur.
1568 2049 1699 2109 Nec
1726 2049 1973 2109 deerant
2006 2050 2265 2129 praemia,
2306 2052 2519 2129 quibus
2558 2052 2635 2111 ad
2676 2050 2818 2111 scri-

351 2068 610 2187 Eendum
638 2125 946 2184 doctorum
973 2137 1436 2223 provocarentur
1476 2128 1712 2205 ingenia
1733 2149 1751 2186 ε
1794 2128 1899 2187 sed
1928 2140 1990 2187 et
2017 2130 2316 2189 actoribus
2344 2148 2586 2189 munera
2612 2129 2819 2189 offere-

351 2205 586 2274 bantur,
615 2202 732 2282 quo
759 2202 1032 2263 libentius
1063 2204 1334 2281 jucundo
1359 2204 1521 2263 vocis
1562 2206 1725 2264 flexu
1766 2206 1843 2263 ad
1882 2204 2255 2263 dulcedinem
2296 2208 2821 2267 commendationis

351 2293 679 2343 uterentur.
748 2282 942 2359 Caper
967 2299 1221 2357 namque
1245 2301 1356 2359 pro
1370 2282 1541 2341 donis
1558 2282 1647 2341 his
1671 2284 1937 2349 dabatur,
1958 2281 2095 2358 quia
2112 2281 2327 2339 vitibus
2344 2282 2583 2337 noxium
2602 2286 2823 2344 animal

349 2361 716 2429 habebatur;
739 2360 776 2417 εὶ
801 2378 920 2439 quo
945 2357 1124 2417 etiam
1150 2359 1451 2437 tragoediae
1477 2381 1691 2423 nomen
1718 2370 1991 2419 exortum
2020 2370 2129 2417 est.
2210 2356 2490 2415 Nonnulli
2511 2366 2711 2415 autem
2738 2381 2821 2421 ex

351 2440 592 2499 amurca
616 2438 732 2498 olei
769 2439 936 2507 since,
979 2456 1113 2517 quae
1151 2448 1242 2497 est
1269 2438 1478 2499 humor
1501 2439 1793 2520 aquatilis,
1820 2435 2165 2515 tragoediam
2193 2434 2310 2495 dici
2339 2434 2657 2513 vocarique
2694 2456 2821 2498 ma..

347 2519 604 2577 luerunt.
686 2516 804 2583 Qui
829 2516 954 2575 ludi
981 2515 1116 2577 cum
1156 2534 1262 2594 per
1301 2517 1557 2579 artifices
1596 2520 1655 2577 in
1694 2519 1977 2574 honorem
2016 2513 2219 2573 Liberi
2260 2512 2443 2592 patris
2476 2526 2827 2595 agerentur,

351 2596 528 2657 etiam
555 2595 664 2675 ipsi
693 2595 1109 2655 comoediarum
1137 2596 1675 2675 tragoediarumque
1714 2592 2051 2671 scriptores,
2088 2592 2265 2671 hujus
2306 2590 2403 2651 dei
2430 2592 2592 2651 velut
2630 2596 2819 2672 patris

349 2693 570 2735 numen
597 2673 793 2733 colere
819 2674 1200 2753 venerarique
1228 2686 1557 2754 coeperunt.
1640 2674 1823 2749 Cujus
1852 2670 1935 2729 rei
1962 2670 2279 2749 probabilis
2294 2670 2445 2730 ratio
2466 2672 2701 2732 extitit:
2732 2674 2819 2733 ita

349 2753 504 2814 enim
531 2752 789 2813 carmina
812 2752 1087 2813 inchoata
1113 2754 1583 2832 proferebantur,
1612 2761 1676 2809 ut
1743 2768 1810 2807 er
1837 2767 1909 2807 ea
1933 2749 2139 2809 laudes
2160 2756 2285 2825 ejus
2304 2760 2367 2809 et
2379 2750 2540 2811 facta
2558 2749 2817 2829 gloriosa

351 2830 638 2891 celebrari
663 2830 1028 2911 proferrique
1055 2842 1386 2891 constaret:
1429 2841 1554 2889 tum
1590 2848 1709 2909 pau
1730 2828 1871 2887 atim
1910 2826 2067 2887 fama
2102 2830 2279 2908 hujus
2316 2829 2461 2890 artis
2501 2830 2813 2890 increbuit.

357 2910 418 2969 Τ
411 2909 480 2967 he
547 2909 595 2967 is
621 2920 818 2967 autem
847 2912 1066 2989 primus
1092 2910 1220 2969 baec
1259 2908 1480 2985 scripta
1517 2908 1580 2965 in
1620 2907 1881 2967 omnium
1919 2908 2189 2967 notitiam
2232 2908 2495 2989 protulit.
2594 2908 2813 2967 Postea

349 2988 492 3047 AEsc
524 2984 675 3067 yla-r,
703 3001 940 3049 secutus
969 2990 1325 3070 exemplum,
1355 2986 1695 3068 publicavit.
1773 2986 1872 3047 De
1898 2986 2113 3065 quibus
2140 2986 2224 3047 ita
2254 2988 2543 3049 Horatius
2568 2986 2631 3045 in
2662 2990 2811 3046 Arte

349 3064 590 3125 Poetica
615 3064 904 3145 loquitur:

993 3162 1210 3227 Ignotum
1231 3168 1418 3229 tragica
1434 3182 1584 3231 genus
1602 3166 1829 3215 invenisse
1852 3162 2091 3214 Camoeuae

987 3228 1185 3282 Dicitur,
1208 3240 1254 3275 et
1275 3232 1484 3290 plaustris
1505 3233 1684 3278 vexisse
1704 3231 1911 3291 poEmata
1931 3230 2139 3291 Thespis,

992 3292 1114 3344 Quae
1135 3302 1357 3346 canerent,
1379 3302 1653 3355 agerentque
1673 3293 1875 3355 peruncti
1897 3292 2080 3338 faecibus
2103 3307 2195 3337 ora.

993 3354 1109 3400 Post
1129 3355 1250 3399 hunc
1270 3369 1490 3415 personae,
1513 3356 1733 3416 pallaeque
1752 3362 1951 3415 repertor
1972 3356 2179 3401 honesta}

993 3417 1256 3477 AEschylus,
1279 3426 1327 3464 et
1347 3418 1536 3464 modicis
1556 3419 1762 3464 instravit
1782 3417 1953 3478 pulpita
1974 3418 2125 3479 tignis,

990 3480 1059 3527 Et
1079 3480 1234 3527 docuit
1251 3496 1559 3543 magnumque
1576 3482 1716 3543 loqui,
1739 3481 1910 3541 nitique
1930 3482 2169 3529 cothurno.

993 3545 1220 3591 Successit
1240 3555 1372 3593 vetus
1392 3546 1464 3592 his
1485 3547 1721 3603 comoedia,
1742 3560 1835 3591 non
1859 3546 1956 3592 sine
1976 3544 2120 3591 multa

987 3606 1146 3655 Laude
1165 3625 1179 3655 ε
1216 3608 1294 3655 sed
1315 3610 1362 3655 in
1381 3610 1541 3657 vitium
1562 3610 1741 3658 libertas
1762 3609 1939 3665 excidit,
1964 3616 2009 3656 et
2032 3608 2123 3655 vim

991 3672 1198 3733 Dignam
1219 3673 1322 3735 lege
1343 3674 1470 3736 regi:
1505 3676 1583 3721 lex
1604 3683 1675 3722 est
1694 3683 1875 3736 accepta
1894 3692 1904 3719 :
1944 3676 2196 3735 chorusque

989 3736 1203 3797 Turpiter
1225 3738 1422 3793 obticuit,
1447 3740 1621 3786 sublato
1631 3740 1738 3801 jure
1760 3738 1966 3785 nocendi.

986 3798 1074 3847 Nil
1091 3802 1358 3848 intentatum
1381 3805 1524 3850 nostri
1544 3802 1715 3865 liquere
1732 3803 1897 3865 poiitae.

985 3864 1090 3911 Nec
1111 3865 1347 3913 minimum
1369 3882 1573 3915 metuere
1592 3869 1747 3925 decus,
1768 3868 1961 3931 vestigia
1982 3866 2150 3916 Graeea

987 3930 1106 3975 Ausi
1127 3930 1346 3988 deserere,
1371 3941 1417 3979 et
1436 3934 1660 3981 celebrare
1680 3933 1925 3981 domestica
1944 3931 2077 3990 facta,

973 3992 1079 4040 ‘vel
1099 3993 1172 4057 qui
1195 4003 1450 4057 praetextas,
1473 3998 1549 4045 vel
1570 3998 1646 4059 qui
1670 3998 1863 4045 docuere
1884 4006 2077 4059 togatas.

403 4094 644 4158 ‚Fabula
667 4092 944 4172 generale
968 4112 1186 4151 nomen
1214 4105 1334 4153 est:
1377 4097 1506 4173 ejus
1538 4094 1673 4153 duae
1711 4095 1913 4172 primae
1950 4106 2151 4171 partes
2186 4105 2345 4164 sunt,
2389 4096 2709 4175 Tragoedia
2746 4107 2807 4157 et

339 4174 665 4239 Comoedia.
750 4172 812 4231 Si
843 4171 1055 4231 Latina
1081 4173 1512 4250 argumentatio
1538 4174 1635 4243 sit,
1670 4174 2029 4233 Praetextata
2056 4172 2289 4233 dicitur.
2371 4175 2679 4235 Comoedia
2704 4194 2806 4235 au-

336 4267 458 4315 tem
486 4253 699 4312 multas
723 4251 952 4329 species
978 4250 1189 4309 habet:
1219 4262 1326 4310 aut
1341 4252 1497 4311 enim
1517 4251 1764 4311 Palliata
1780 4262 1889 4321 est,
1910 4265 2015 4309 aut
2032 4252 2283 4330 Togata,
2304 4264 2409 4313 aut
2425 4255 2825 4325 Tabernaria,

337 4344 442 4393 aut
479 4331 801 4399 Attellana,
841 4340 945 4387 aut
985 4328 1228 4399 MimuS,
1270 4341 1373 4389 aut
1421 4330 1799 4399 Rhintonica,
1843 4340 1946 4387 aut
1996 4330 2352 4409 Planipedia.
2456 4331 2804 4425 Planipedia

337 4423 535 4470 autem
564 4409 742 4475 dicta,
771 4408 848 4465 ob
871 4407 1256 4467 humilitatem
1286 4408 1617 4487 argumenti
1644 4412 1791 4488 eJ‘us‚
1820 4426 1893 4467 ac
1918 4408 2199 4468 vilitatem
2224 4422 2511 4481 actorum,
2538 4430 2641 4489 qui
2684 4428 2803 4469 non

339 4490 630 4547 cothurno
657 4497 759 4546 aut
783 4506 964 4545 socco
991 4498 1235 4545 utuntur
1263 4486 1320 4543 in
1349 4489 1545 4558 scena,
1574 4498 1678 4547 aut
1704 4488 1954 4567 pulpito,
1980 4488 2085 4549 sed
2111 4489 2288 4581 plano
2314 4489 2501 4569 pede:
2542 4488 2637 4548 vel
2662 4488 2801 4547 ideo

339 4567 502 4640 qued
527 4584 643 4623 non
671 4584 743 4625 ea
769 4564 1006 4645 negotia
1025 4566 1314 4635 continet,
1333 4585 1465 4643 quae
1489 4586 1869 4645 personarum
1900 4568 1960 4628 in
1988 4570 2243 4641 turribus
2268 4578 2374 4627 aut
2401 4568 2460 4625 in
2476 4566 2801 4626 coenaculi·

337 4640 723 4702 habitantium
751 4657 908 4717 sunt,
934 4644 1039 4704 sed
1069 4644 1124 4721 in
1142 4644 1327 4723 ,plano
1349 4658 1410 4703 et
1423 4646 1629 4706 humili
1648 4646 1802 4709 loco.
1868 4646 2173 4727 'Personati
2194 4644 2366 4725 primi
2382 4643 2571 4722 egisse
2588 4644 2799 4705 dicun·
