3067 4959
406 339 469 402 vi
1286 287 2020 402 PROLEGOMENA

410 509 535 556 tum
576 507 803 556 natum.
883 495 1127 556 Fallitur
1175 493 1377 573 itaque
1420 494 1842 573 Hieronymus,
1885 494 2026 554 cum
2079 493 2137 550 in
2193 491 2490 552 Chronico
2543 493 2873 554 Eusebisso

408 575 631 642 scribit,
656 575 1071 633 ommunn
1094 591 1281 632 cxnv.
1346 573 1595 633 Plautus
1615 595 1683 633 ex
1717 573 1952 634 Umbria
1978 571 2216 632 Sarsina
2237 573 2438 632 Romoe
2453 573 2716 632 moritur.
2773 575 2872 632 Di·

408 654 665 712 cendum
692 653 845 712 enim
872 653 1053 712 fuerit
1076 653 1485 710 Onrurmnn
1512 670 1729 710 cxmx.
1811 652 1990 718 Quod
2013 670 2086 710 an
2117 651 2484 710 observatum
2513 651 2551 710 ὃ
2579 651 2874 729 Scaligero

405 731 603 800 fuerit,
633 731 852 790 nescio.
2455 779 2474 802 ,

492 810 694 887 Scipio
722 822 915 868 autem
948 809 1166 886 Major,
1185 827 1327 866 avus
1352 807 1642 886 Scipionis
1664 809 1980 876 AEmiliani,
1999 827 2106 886 per
2121 808 2496 886 adoptionem
2517 807 2871 878 filiiscilicet,

408 907 564 950 anno
590 888 879 966 sequenti,
906 887 969 946 id
996 899 1086 944 est
1116 905 1311 946 nnxx.
1338 888 1411 944 ab
1443 887 1608 946 Urbe
1637 887 1900 954 conditaei,
1929 886 2050 946 fato
2077 887 2386 956 concessit,
2417 888 2509 944 uti
2535 887 2672 943 olim
2699 887 2738 945 ὲ
2767 888 2872 946 Ρο-

408 967 571 1045 lybio
596 966 880 1044 scriptum
908 965 1123 1034 suerat,
1152 977 1213 1024 et
1240 986 1317 1024 ex
1346 984 1419 1024 eo
1444 965 1626 1024 docet
1661 965 1884 1034 Livius,
1925 965 2024 1024 lib.
2053 983 2228 1024 xxix.
2313 965 2523 1042 Neque
2551 964 2689 1024 vero
2715 966 2875 1026 aliter

408 1045 591 1104 sensit
620 1045 833 1103 Cicero
859 1045 917 1102 in
944 1043 1269 1102 admirabili
1298 1043 1495 1101 libello
1522 1043 1600 1102 de
1630 1045 1970 1102 Senectute.

490 1125 579 1182 At
608 1123 807 1201 Scipio
848 1123 1068 1189 Minor,
1098 1142 1203 1180 seu
1232 1121 1602 1190 AEmilianus,
1631 1122 1730 1200 qui
1761 1122 2044 1180 naturalis
2083 1121 2304 1180 AEmilii
2345 1120 2512 1180 Pauli
2551 1119 2706 1179 filius
2747 1121 2872 1192 fuit,

408 1202 723 1280 adoptatus
749 1212 946 1260 autem
974 1201 1010 1258 a
1036 1200 1156 1258 filio
1186 1199 1477 1280 Scipionis
1509 1199 1774 1258 Africani
1817 1200 2042 1277 prioris,
2071 1201 2280 1260 eodem
2321 1200 2494 1278 plane
2522 1219 2678 1258 anno
2708 1214 2874 1260 natus

406 1291 517 1350 est,
536 1297 655 1357 quo
674 1279 923 1338 danatus
944 1290 1035 1338 est
1059 1280 1320 1346 Plautus,
1344 1277 1521 1338 Urbis
1541 1279 1792 1337 conditae
1812 1279 2039 1336 scilicet
2071 1297 2281 1346 nL1x.;
2306 1278 2368 1336 id
2389 1277 2550 1356 quod
2577 1280 2875 1354 negaverit

407 1377 603 1428 neme,
635 1359 770 1418 cum
800 1358 1001 1416 Livius
1026 1357 1245 1416 scribat
1272 1357 1369 1414 lib.
1401 1375 1581 1414 κων.
1615 1356 1910 1416 Consulem
1941 1357 2024 1433 (id
2051 1367 2161 1426 est,
2193 1356 2568 1415 AEmilianum
2599 1357 2872 1428 Paulum)

410 1458 583 1516 quum
610 1457 669 1496 se
696 1437 757 1494 in
784 1446 977 1495 castra
1004 1436 1185 1494 victor
1222 1435 1535 1524 recepisset,
1565 1455 1636 1492 ne
1661 1435 1878 1493 sincero
1911 1435 2130 1513 gaudio
2142 1438 2478 1512 frueretur,
2507 1456 2648 1493 cura
2675 1437 2749 1496 de
2775 1438 2873 1496 mi-

405 1536 547 1575 nore
549 1513 691 1605 filio
716 1513 1061 1574 stimulabat.
1146 1513 1223 1571 P.
1255 1513 1446 1590 Scapio
1472 1512 1522 1570 is
1550 1521 1676 1570 erat
1706 1513 2041 1589 Africanus,
2069 1522 2124 1571 et
2149 1514 2269 1592 ipse
2285 1523 2484 1593 postea
2511 1511 2696 1572 deleta
2730 1515 2874 1576 Car-

406 1593 642 1673 maguae
667 1591 1003 1671 appellatus,
1032 1589 1317 1649 naturalis
1350 1588 1612 1650 Consulis
1641 1589 1841 1655 Pauli,
1883 1591 2202 1668 adoptione,
2235 1592 2510 1670 Asticani
2543 1612 2732 1670 nepos.
2767 1639 2770 1644 .
2813 1595 2874 1652 Is

404 1673 698 1750 septimum
724 1671 995 1729 decimum
1024 1679 1157 1727 tunc
1183 1689 1394 1726 annum
1421 1687 1618 1745 agen-5,
1647 1667 1799 1744 quod
1823 1669 2001 1746 ipsam
2029 1689 2222 1728 curam
2249 1669 2514 1748 augebat,
2539 1667 2642 1744 &a

488 1773 799 1832 Terentius
827 1770 1081 1848 denique
1109 1771 1217 1828 sub
1248 1768 1574 1828 Consulatu
1605 1769 1844 1828 Cornel.
1873 1769 2200 1828 Dolabellae
2227 1783 2288 1830 et
2331 1772 2516 1831 Fulvii
2561 1773 2874 1834 Nobilioris

404 1863 671 1910 mortuus
696 1861 807 1920 est,
850 1849 941 1907 uti
980 1847 1260 1926 scriptum
1290 1846 1327 1905 a
1368 1847 1652 1906 Suetonio
1695 1847 1906 1916 suerat,
1993 1867 2126 1906 uem
2173 1849 2446 1909 Donatus
2493 1853 2740 1912 transcri
2814 1854 2875 1911 it.

410 1930 627 1989 Caeteri
666 1939 947 1988 mortuum
972 1947 1089 1987 esse
1112 1927 1371 1994 credunt,
1418 1927 1526 1986 Cn.
1563 1926 1826 1986 Cornelio
1854 1869 2180 1998 Dolabella,
2225 1929 2322 1988 M.
2347 1928 2554 1990 Fulvio
2581 1933 2738 1991 Noa·
2771 1933 2784 1944 '
2817 1953 2874 1992 re

408 2009 567 2067 Coss.
595 2007 752 2087 quod
780 2007 838 2064 in
866 2025 1081 2065 annum
1112 2005 1290 2065 Urbis
1318 2003 1572 2063 conditae
1602 2023 1823 2063 nxcrv.
1863 2004 2084 2065 incidat
2123 2025 2366 2066 necesse
2405 2019 2515 2067 est.
2597 2010 2716 2070 Sed
2757 2029 2873 2088 quo

404 2105 558 2144 anno
582 2099 757 2146 natus
784 2085 919 2144 est?
962 2087 1077 2144 hoc
1105 2085 1257 2142 enim
1287 2083 1468 2161 quaeri
1509 2082 1654 2141 utile
1683 2083 1876 2142 fuerit.
1957 2084 2028 2142 Id
2065 2084 2148 2143 ita
2175 2086 2450 2146 constitui
2490 2100 2688 2166 potest
2708 2110 2726 2146 ε
2771 2109 2878 2167 pro

404 2175 573 2222 certo
594 2163 895 2220 affirmavit
917 2160 1267 2226 Fenestella,
1292 2161 1546 2236 scriptor
1569 2161 1952 2238 Antiquitatis
1977 2163 2258 2220 Romanae
2271 2165 2680 2239 peritissimus:
2698 2170 2755 2226 J
2753 2177 2877 2226 nter

380 2241 571 2317 finem
594 2239 824 2297 secundi
850 2236 982 2296 belli
1011 2236 1244 2302 Punici,
1266 2245 1322 2292 et
1340 2237 1566 2295 initium
1591 2240 1768 2307 tertii,
1789 2248 1982 2298 reatum
2004 2258 2121 2296 esse
2139 2248 2192 2295 et
2215 2249 2492 2296 mortuum
2525 2245 2880 2306 Terentium.

409 2316 607 2374 Verba
630 2315 879 2373 hominis
905 2325 1043 2372 sunt
1068 2312 1226 2390 apud
1263 2312 1628 2383 Suetonium,
1659 2318 1758 2394 qui
1787 2317 1922 2375 olim
1951 2315 2025 2373 de
2054 2315 2244 2392 poetis
2273 2315 2498 2374 Latinis
2523 2319 2878 2396 scripserat;

404 2405 469 2454 at
500 2394 827 2453 secundum
866 2391 1085 2450 bellum
1136 2390 1423 2451 Punicum
1468 2393 1640 2454 desiit
1678 2416 1831 2454 anno
1877 2393 2027 2454 Urb.
2065 2392 2317 2452 conditae
2355 2413 2522 2453 nm.
2605 2397 2880 2461 Tertium

402 2483 604 2533 autem
630 2471 968 2531 inchoatum
996 2487 1189 2529 ncnr.
1272 2471 1453 2532 Vides
1476 2473 1680 2552 itaque
1707 2491 1888 2533 annos
1915 2490 2073 2530 xux
2098 2471 2254 2530 intra
2274 2492 2426 2552 quos
2443 2485 2504 2533 et
2525 2487 2696 2536 natus
2711 2481 2792 2538 sit
2819 2491 2881 2540 et

402 2565 689 2610 mortuus.
772 2549 893 2609 Sed
919 2561 1149 2627 tempus
1175 2550 1319 2609 illud
1346 2551 1382 2609 ὲ
1410 2552 1740 2612 Fenestella
1776 2551 2054 2630 positum,
2093 2571 2206 2611 nec
2235 2554 2308 2610 ab
2337 2552 2524 2624 initio,
2555 2573 2666 2613 nec
2697 2555 2734 2612 εὶ
2761 2557 2878 2618 fine

404 2629 915 2706 circumscriptum
943 2641 1071 2698 est3
1110 2639 1289 2765 attkue
1314 2629 1488 2701 adeo,
1517 2631 1567 2689 si
1593 2631 1830 2709 pauculi
1857 2628 1994 2689 anni
2021 2630 2296 2710 utrinque
2335 2631 2664 2705 demantur,
2703 2635 2878 2696 facile

400 2708 681 2786 intelligis
708 2705 886 2787 quam
913 2707 1040 2766 haec
1069 2719 1193 2767 rect
1256 2727 1391 2767 cum
1420 2729 1493 2768 eo
1536 2721 1892 2786 congruunt,
1921 2709 2081 2788 quod
2111 2709 2426 2769 Suetonius
2467 2713 2879 2775 observaverat

408 2788 674 2860 (Caeteri
698 2796 976 2846 mortuum
1002 2807 1119 2846 esse
1144 2787 1382 2846 tradunt
1414 2789 1523 2846 Cn.
1556 2787 1820 2846 Cornelio
1849 2786 2168 2854 Dolabella,
2211 2787 2304 2845 M.
2335 2788 2543 2850 Fulvio
2571 2791 2878 2853 Nobiliore

412 2862 611 2934 Coss.)
656 2864 817 2924 Anni
846 2864 999 2923 enim
1022 2884 1063 2922 x
1088 2875 1193 2923 aut
1219 2883 1285 2922 Χῖ
1310 2864 1409 2942 qui
1427 2864 1463 2920 ὰ
1480 2865 1598 2922 fine
1620 2864 1862 2920 secundi
1883 2875 1944 2920 et
1971 2875 2108 2922 ante
2128 2863 2305 2923 finem
2327 2867 2482 2926 tertii
2509 2870 2647 2928 belli
2667 2871 2878 2931 Punici

400 2942 557 3002 inter
574 2953 887 3022 utrumque
904 2944 1213 3002 terminum
1232 2942 1519 3022 partiendi
1539 2952 1601 3000 et
1618 2940 1997 3011 distrahendi,
2015 2961 2138 3000 rem
2157 2943 2376 3002 claram
2393 2958 2456 3006 et
2471 2948 2875 3008 edissertatam

404 3021 648 3081 dabunt.
729 3023 1123 3089 Quamobrem
1152 3033 1323 3080 natus
1351 3033 1443 3080 est
1471 3019 1784 3079 Terentius
1812 3038 1966 3078 anno
1995 3021 2155 3080 urbis
2185 3022 2468 3083 Romanae
2497 3045 2647 3085 an.
2674 3028 2734 3085 id
2761 3040 2875 3098 est,

400 3119 611 3160 novem
640 3101 803 3160 annis
830 3114 967 3161 ante
994 3112 1240 3160 mortem
1271 3100 1485 3171 Plauti,
1514 3100 1761 3159 totidem
1789 3099 1954 3157 annis
1980 3111 2118 3160 ante
2147 3113 2340 3160 ortum
2371 3104 2660 3183 Scipionis
2687 3106 2874 3165 AEmi-

400 3179 558 3251 liani,
588 3181 867 3240 undecim
893 3191 1089 3239 autem
1118 3191 1255 3237 ante
1282 3180 1505 3238 obitum
1539 3178 1827 3255 Scipionis
1867 3179 2135 3257 Majoris,
2166 3181 2264 3260 qui
2306 3184 2526 3259 primus
2555 3184 2876 3244 Africanus

403 3258 730 3318 dictusaest·
816 3259 1028 3333 Neque
1057 3255 1197 3312 vero
1226 3255 1379 3313 ultra
1404 3257 1517 3312 hoc
1549 3267 1779 3331 tempus
1809 3256 2079 3316 Consulis
2108 3259 2292 3316 Fulvii
2321 3260 2619 3336 scripsisse
2647 3263 2873 3322 Teren-

402 3335 547 3390 tium
576 3343 839 3410 apparet,
868 3333 997 3390 cum
1026 3341 1321 3408 postrema
1349 3331 1606 3390 omnium
1633 3333 1981 3406 fabularum,
2015 3337 2398 3394 ADELPHI
2438 3337 2686 3407 scilicet,
2717 3343 2876 3402 edita

400 3409 580 3468 fuerit
608 3429 761 3468 anno
797 3409 956 3467 urbis
998 3425 1233 3466 nxctn.
1272 3409 1345 3466 L.
1376 3409 1592 3469 Anicio
1633 3411 1829 3483 Gallo,
1860 3415 1946 3471 Μ.
1983 3413 2220 3472 Cor-nel.
2249 3414 2518 3493 Cethego
2547 3415 2717 3476 coss.
2761 3439 2876 3498 quo

403 3499 669 3565 tempore
696 3499 867 3547 natus
894 3497 1021 3546 erat
1050 3487 1360 3545 Terentius
1383 3507 1569 3548 annos
1597 3509 1821 3550 xxx1v.
1907 3491 2066 3550 Hinc
2093 3491 2290 3570 itaque
2319 3505 2428 3562 est,
2459 3493 2654 3572 quod,
2671 3497 2774 3555 uhi
2803 3501 2876 3557 de

404 3565 618 3700 Pliiliuto
644 3577 703 3624 et
734 3565 937 3623 Naevio
957 3563 1235 3644 loquitur,
1260 3586 1360 3626 eos
1376 3566 1526 3627 inter
1548 3582 1774 3630 veteres
1792 3573 1996 3649 poe'tas
2013 3569 2212 3642 refert,
2233 3572 2294 3629 in
2317 3571 2576 3652 Prologo
2598 3573 2876 3636 Eunuchi

398 3663 465 3713 so
510 3656 630 3703 icet
652 3664 667 3701 ε

661 3735 818 3790 Quare
838 3751 1016 3798 aequum
1040 3743 1109 3784 est
1130 3753 1214 3790 vos
1236 3755 1525 3802 cognoscere,
1547 3751 1681 3805 atque
1699 3744 1949 3805 ignoscere,

661 3799 782 3854 Quae
806 3800 1123 3849 VETERES
1146 3803 1415 3862 factitarunt,
1440 3807 1477 3852 si
1496 3807 1668 3855 faciunt
1689 3809 1810 3856 novi.

404 3952 417 3965 .
480 3875 694 3954 Neque
720 3877 837 3936 boc
865 3878 1054 3938 minus
1080 3897 1281 3938 verum
1310 3893 1401 3941 est
1428 3884 1588 3960 quod
1617 3884 1838 3943 dicam:
1884 3903 2001 3942 non
2029 3888 2289 3965 potuisse
2306 3889 2498 3962 juvari
2529 3889 2870 3948 Terentium

400 3971 461 4010 m
491 3952 723 4014 Fabulis
750 3957 1071 4015 scribendis
1096 3955 1133 4014 εἰ
1163 3959 1438 4037 Scipione
1478 3961 1736 4038 Majore,
1767 3963 1905 4020 cum
1933 3964 2094 4022 circa
2119 3966 2340 4024 obitum
2369 3966 2544 4035 illius,
2573 3968 2866 4035 undecim,

396 4049 517 4090 non
545 4033 813 4112 amplius,
841 4053 1023 4094 annos
1053 4047 1223 4095 natus
1264 4051 1437 4096 esset.
1520 4039 1642 4097 Sed
1685 4059 1758 4098 en
1803 4039 1906 4098 tibi
1953 4041 2178 4100 fontem
2227 4043 2458 4112 erroris,
2499 4062 2580 4102 ex
2621 4065 2740 4126 quo
2784 4057 2868 4105 tot

394 4120 668 4187 portenta
678 4111 1108 4189 profluxerunt;
1124 4114 1415 4184 videlicet,
1430 4127 1746 4194 utrumque
1761 4117 2095 4194 Scipionem
2113 4119 2530 4192 confuderunt,
2545 4135 2608 4182 et
2619 4125 2868 4185 alterum

394 4205 506 4266 pro
552 4188 738 4247 altero
780 4193 1061 4252 sumsere.
1142 4193 1278 4257 Quo
1322 4193 1476 4251 enim
1524 4206 1790 4271 tempore
1831 4195 2015 4254 edidit
2045 4197 2350 4274 Adelphos
2393 4199 2724 4271 Terentius,
2745 4205 2866 4280 jam

393 4284 579 4326 annos
594 4267 734 4346 quin
768 4287 853 4350 ⁴ue
882 4280 941 4326 et
963 4268 1166 4346 viginti
1192 4280 1365 4327 natus
1390 4283 1519 4330 erat
1543 4272 1740 4350 Scipio
1763 4272 2131 4344 AEmilianus,
2155 4295 2276 4354 quo
2297 4277 2436 4336 nihil
2461 4285 2642 4356 majus
2663 4281 2870 4340 habuit

392 4345 701 4424 imperium
772 4347 1097 4405 Romanum.
1182 4347 1403 4406 Verum
1450 4349 1604 4407 enim
1655 4351 1874 4411 Herois
1911 4350 2066 4411 illius
2103 4353 2358 4434 elogium
2385 4369 2477 4417 est
2525 4357 2641 4431 [Ρ.
2676 4361 2868 4440 Scipio

392 4423 767 4496 AEmilianus,
796 4424 887 4484 vir
910 4425 1082 4484 avitis
1108 4427 1187 4486 Ρ.
1214 4427 1485 4506 Africani
1498 4430 1874 4509 paternisque
1893 4431 1967 4489 L.
1990 4432 2175 4493 Pauli
2197 4435 2500 4496 virtutibus
2523 4435 2866 4508 simillimas,

392 4506 499 4561 ὅτε.
568 4505 975 4568 Inoauunun
994 4521 1082 4562 Ac
1102 4505 1503 4568 Srunxoauu
1524 4507 2135 4584 Emunxi-issimus,
2153 4514 2254 4590 ἅτ.
2274 4515 2639 4583 Paterculus,
2657 4515 2763 4574 lib.
2781 4517 2861 4592 L]

398 4579 503 4646 At,
532 4583 631 4670 qui
658 4583 789 4644 talis
818 4595 969 4655 erat,
994 4582 1189 4656 facile,
1220 4595 1287 4644 ut
1310 4585 1583 4659 arbitror,
1627 4589 1992 4661 Terentium,
2035 4591 2082 4650 si
2125 4591 2330 4654 suisset
2378 4611 2544 4670 opus,
2593 4593 2865 4672 adjutu-e

396 4661 699 4725 potuisset.
779 4661 944 4724 Huic
984 4661 1282 4726 Paterculi
1324 4666 1658 4729 testimonio
1697 4668 1881 4731 addas
1923 4669 2064 4732 licet
2103 4671 2264 4750 quod
2303 4671 2382 4730 de
2421 4673 2566 4732 cura
2591 4671 2667 4733 L.
2696 4673 2866 4734 Pauli
