3067 4959
248 262 429 327 lxxvi
1125 257 1859 328 PROLEGOMENA

336 427 418 486 Et
446 425 503 484 ih
536 423 886 484 Phormione
908 445 927 483 ε

508 505 555 552 Ο
576 503 930 552 fortunatissime
951 500 1171 564 Antipho.
1224 503 1342 550 Ant.
1376 499 1582 566 Egone?
1647 503 1776 550 Pha.
1811 501 1907 557 Qui
1927 500 2048 564 quod
2070 515 2210 559 amas,
2230 499 2429 550 domi'st.

332 567 508 635 Quo'd
533 581 729 628 tamen
754 568 919 626 recte
946 567 1169 624 dictum
1196 566 1459 624 videtur:
1490 577 1555 624 ut
1581 566 1615 621 ὲ
1641 567 1767 644 quis
1787 566 2124 624 nominandi
2153 585 2312 636 casu,
2341 565 2523 624 dandi
2551 583 2744 627 casus

252 647 311 704 in
342 648 495 706 hunc
520 645 718 724 potins
744 646 989 704 formam
1018 656 1195 703 exeat
1222 646 1338 724 qui,
1368 643 1543 722 quam
1573 644 1629 700 in
1659 645 1836 713 illam,
1864 646 1977 704 cui.
2057 645 2235 712 Quod
2275 645 2513 722 quidem
2541 646 2740 704 miror

250 725 492 784 latuisse
520 724 1001 791 Quinctilianum.
1081 722 1142 780 Is
1168 721 1321 780 enim
1351 721 1409 778 in
1438 739 1511 779 eo
1541 721 1769 798 Virgilii
1792 741 1989 796 versu,

982 800 1079 855 Qm
1098 815 1191 848 non
1212 801 1348 848 risere
1368 808 1590 864 parentes,

509 867 614 915 Nec
630 867 743 916 deus
762 869 883 914 hunc
904 864 1073 920 meust,
1096 866 1181 912 den
1200 881 1283 912 nec
1300 865 1484 928 dignata
1503 863 1637 911 cubili
1657 871 1746 913 est.

262 929 381 1000 Qui
405 931 739 990 nominandi
766 950 963 990 casum
992 928 1145 988 dixit
1169 948 1297 989 esse
1378 928 1576 986 lui-alis
1615 927 1863 987 numeri.
1941 929 2156 1008 Itaque
2200 940 2432 989 rectum
2479 947 2722 988 sensum

254 1009 431 1069 etiam
460 1009 741 1088 pervertit
770 1011 961 1085 poe'tae
980 1028 997 1062 z
1042 1026 1173 1064 nam
1204 949 1375 1084 quod,
1388 1006 1468 1065 ait
1500 1005 1797 1082 Virgilius,

512 1085 681 1152 Incipe,
702 1103 841 1150 parve
860 1103 985 1150 puer,
1007 1086 1099 1134 risu
1118 1100 1395 1148 cognoscere
1414 1092 1604 1132 matrem
1623 1102 1636 1130 ε

254 1145 393 1209 Non
420 1150 479 1210 id
508 1154 652 1222 vult,
684 1163 749 1210 ut
774 1169 923 1242 puer
946 1149 1201 1208 arrideat
1240 1147 1429 1218 matri,
1458 1147 1562 1206 sed
1591 1160 1656 1206 ut
1683 1160 2004 1225 cognoscat
2031 1161 2274 1208 matrem
2303 1151 2377 1208 ab
2405 1155 2529 1226 eJus
2554 1150 2676 1210 risu
2698 1171 2718 1206 ε

253 1226 441 1307 magis
468 1231 621 1288 enim
652 1229 923 1288 muheres
950 1245 1151 1286 omnes
1176 1227 1294 1286 suis
1320 1225 1580 1286 arrident
1617 1223 1770 1294 filiis,
1800 1228 1974 1304 quam
2014 1228 2255 1292 aliarum
2279 1252 2296 1297 ς
2336 1227 2555 1307 quippe
2582 1249 2722 1307 qun

254 1307 439 1385 magis
460 1309 634 1366 etiam
664 1305 774 1366 illis
795 1305 1086 1365 intuendis
1106 1303 1421 1383 gaudeant,
1442 1321 1684 1363 necesse
1705 1316 1827 1363 esta
1855 1305 1946 1362 vel
1968 1306 2240 1383 quoniam
2265 1319 2437 1365 extra
2457 1308 2722 1366 laborem

252 1383 477 1444 ferendi
507 1393 787 1454 ventrem,
817 1384 1197 1463 pariendique
1225 1382 1457 1442 dolores
1484 1394 1548 1444 et
1575 1381 1837 1460 pericula
1855 1389 1977 1458 jam
2007 1398 2166 1454 sunt,
2198 1383 2290 1442 vel
2319 1385 2475 1462 quod
2503 1405 2720 1463 pueros

254 1480 331 1522 ex
348 1483 477 1522 sese
494 1477 661 1522 natos
676 1463 896 1533 vident,
958 1463 1075 1520 uod
1092 1473 1181 1520 est
1200 1461 1457 1520 omnium
1476 1479 1669 1518 rerum
1683 1460 2188 1537 jucundissimum.
2249 1463 2275 1520 1
2283 1473 2458 1540 taque
2481 1463 2719 1541 repetit,

254 1541 474 1621 Incipe,
498 1562 678 1620 parve
697 1561 859 1620 puer.
916 1483 1095 1598 (kam
1123 1540 1220 1598 cui
1250 1559 1433 1617 puero
1454 1549 1727 1614 parentes
1757 1559 1872 1597 non
1902 1541 2153 1608 riserint,
2178 1541 2449 1619 quoniam
2471 1541 2532 1599 id
2557 1541 2721 1600 acci·

254 1618 397 1677 dere
424 1618 533 1677 nisi
560 1631 799 1696 propter
824 1616 1096 1676 eximiam
1122 1619 1375 1707 aliquam
1405 1616 1838 1675 dei'ormitatem
1869 1637 1982 1676 non
2055 1631 2230 1690 otest,
2261 1618 2356 1678 bic
2389 1621 2510 1696 jam
2537 1639 2616 1678 ex
2643 1619 2722 1678 iis

256 1714 384 1754 esse
410 1696 513 1773 qui
539 1697 649 1755 diis
676 1695 837 1754 chari
864 1706 1000 1753 sunt
1028 1713 1143 1753 non
1172 1695 1421 1766 videtur,
1448 1713 1527 1753 ne
1573 1713 1646 1756 ue
1673 1693 1887 1773 dignus
1927 1713 2028 1775 qui
2055 1698 2190 1754 vitae
2216 1694 2351 1756 cum
2378 1698 2722 1756 muneribus

254 1774 543 1844 maximis,
574 1785 697 1834 tum
726 1773 1111 1832 hilaritatibus
1152 1773 1388 1850 egregie
1414 1791 1523 1850 per
1551 1785 1773 1830 ruatur.
1861 1776 1954 1833 An
1982 1795 2100 1832 non
2126 1775 2231 1834 tibi
2259 1775 2359 1846 its,
2404 1775 2720 1852 Pomponi,

254 1851 530 1911 videtur?
612 1852 821 1911 Pour.
844 1851 997 1910 Mihi
1024 1850 1257 1930 quidem
1286 1851 1543 1908 videtur:
1576 1849 1762 1930 e6que
1791 1852 1994 1930 magis,
2065 1849 2186 1912 uod
2215 1852 2272 1910 in
2301 1871 2428 1912 meo
2455 1853 2554 1910 illo
2575 1853 2721 1911 Vir-

254 1929 471 2007 giliano
490 1942 828 2008 pervetusto
849 1929 1018 2000 libro,
1042 1948 1214 2008 quem
1233 1927 1378 1994 dixi,
1398 1929 1481 1988 ita
1499 1927 1614 1987 scri
1660 1940 1783 1989 tum
1812 1941 1922 2000 est,
1950 1932 2061 1990 Cur
2081 1953 2193 1990 non
2215 1932 2390 1990 risere
2405 1939 2716 2012 parentes.-

254 2019 323 2066 ut
340 2006 463 2086 jam
492 2027 567 2067 ne
592 2009 769 2068 liceat
797 2007 1031 2087 quidem
1058 2007 1226 2066 aliter
1247 2007 1505 2066 credere.
1647 2025 1773 2066 rror
1799 2019 1996 2068 autem
2025 2009 2208 2068 omnis
2229 2009 2288 2066 in
2315 2029 2390 2069 eo
2417 2021 2525 2078 est,
2554 2009 2720 2089 quud

252 2086 535 2146 risum'ad
564 2105 809 2166 puerum
839 2086 1126 2145 referunt:
1152 2105 1286 2144 nam
1312 2086 1360 2144 si
1388 2085 1461 2144 ad
1492 2097 1737 2146 matrem
1759 2087 2109 2157 retulissent,
2141 2087 2280 2144 nihil
2302 2087 2716 2166 ambigeretur.

256 2164 417 2224 Puto
441 2177 636 2223 autem
667 2177 726 2222 te
754 2164 1031 2222 memori&
1050 2174 1251 2221 tenere
1273 2179 1360 2232 ea,
1387 2183 1519 2253 quae
1551 2163 1870 2223 Politianus
1887 2165 2250 2244 quoquehoc
2271 2165 2400 2240 ipso
2422 2167 2499 2224 de
2523 2165 2718 2243 virgi-

254 2238 317 2300 lii
345 2243 479 2318 loco
504 2241 822 2318 scripserit.
904 2241 1130 2298 HsnM.
1171 2239 1331 2306 Quid
1360 2260 1419 2297 m
1440 2254 1692 2312 teneam,
1711 2242 2038 2320 Pomponi?
2066 2261 2238 2321 quem
2260 2241 2495 2319 quidem
2517 2242 2720 2303 locum

256 2337 333 2379 ex
360 2318 520 2376 facili
546 2331 723 2397 atque
748 2327 974 2396 apertu,
995 2317 1169 2376 etiam
1194 2319 1403 2377 durum
1424 2333 1481 2379 et
1504 2321 1540 2379 a
1557 2321 1876 2398 Virgilian&
1891 2320 2164 2400 loquendi
2185 2319 2558 2397 simplicitate
2575 2323 2722 2381 alie·

254 2395 479 2455 niorem
506 2396 666 2456 facit.
750 2395 867 2455 sed
896 2397 971 2456 de
998 2417 1072 2456 eo
1098 2396 1222 2476 ipse
1248 2397 1479 2458 viderit.
1563 2399 1950 2478 Antiquitatis
1976 2411 2171 2459 autem
2193 2409 2510 2458 amatorem
2536 2397 2722 2459 fuisse

258 2474 624 2544 Terentium,
654 2473 829 2533 etiarn
856 2473 955 2533 illa
982 2475 1199 2534 indicio
1224 2475 1449 2534 suntin
1480 2477 1753 2555 Hecyra:

336 2551 485 2612 Fors
498 2553 651 2630 fuat
675 2551 791 2630 pol,
820 2554 894 2611 ab
923 2572 995 2611 eo
1023 2553 1343 2612 deductum
1376 2557 1554 2614 verbo
1581 2555 1947 2634 perantiquo,
2021 2554 2138 2612 uod
2165 2565 2255 2614 est
2267 2559 2412 2632 suo,
2441 2555 2720 2633 valetque

254 2630 410 2689 idem
441 2631 603 2708 quod
626 2651 745 2688 sum
768 2655 789 2690 .-
822 2651 939 2709 quo
966 2631 1139 2689 etiam
1168 2642 1254 2690 est
1281 2629 1560 2708 Virgilius
1589 2653 1760 2693 usus:
1801 2635 1948 2694 Tros
2037 2633 2463 2714 utulusvefuat,
2488 2653 2595 2713 pro
2623 2635 2722 2693 sit.

258 2709 339 2768 Et
366 2709 465 2768 illa
489 2709 549 2767 in
582 2708 932 2768 Phormione
954 2709 1183 2788 praebit,
1214 2728 1320 2788 pro
1348 2729 1418 2768 eo
1448 2710 1608 2790 quod
1634 2723 1744 2782 est,
1768 2713 1988 2790 praebet
2007 2733 2027 2767 .-

514 2787 587 2836 Es
606 2789 681 2850 qui
702 2789 873 2852 praebit,
898 2803 989 2836 non
1012 2797 1062 2836 tu
1081 2790 1201 2836 hunc
1222 2788 1383 2837 habens
1402 2787 1538 2853 plant}
1557 2801 1825 2854 praesentem
1847 2791 2016 2839 deum?

338 2851 419 2910 Et
446 2852 656 2921 ductis,
683 2855 791 2930 p'ro
818 2855 1009 2912 ductes
1031 2876 1056 2912 .-

516 2930 587 2978 Ut
604 2945 683 2978 me
700 2931 939 2994 phaleratis
958 2933 1097 2980 ducas
1118 2931 1261 2987 dietis,
1284 2939 1331 2980 et
1350 2946 1499 2981 meam
1520 2935 1666 2982 ductis
1686 2933 1830 2998 gratis
1841 2933 1868 2980 ἰ’

338 2995 420 3056 Et
446 2994 610 3064 tacis,
640 3015 749 3072 pro
774 3005 925 3055 taces
944 3019 967 3055 .-
996 3006 1059 3054 et
1084 2996 1289 3067 enicas,
1320 3016 1427 3076 pro
1452 3017 1652 3058 enecas
1674 3023 1699 3057 .-

512 3074 619 3122 Eho
640 3083 689 3122 tu
710 3075 1027 3122 consobrinum
1050 3082 1178 3122 mum
1199 3090 1292 3122 non
1314 3075 1482 3124 ndns?
1547 3077 1689 3125 Dem-
1723 3075 1910 3124 Enicas.

338 3200 392 3263 E
512 3137 610 3186 Dic
630 3155 810 3188 nomen.
873 3141 1015 3188 Phor.
1050 3139 1271 3187 Nomen?
1304 3137 1529 3188 maxume.
1593 3142 1738 3190 Dem-
1773 3139 1899 3196 Quid
1919 3153 2040 3187 nunc
2059 3138 2170 3187 ucis
2183 3139 2208 3185 ἲ

396 3213 420 3262 t
488 3215 687 3262 osten:

446 3223 484 3282 p
514 3280 657 3329 Satin'
680 3283 830 3338 etiam,
854 3281 891 3328 si
914 3287 959 3328 te
980 3281 1221 3328 delibutum
1249 3280 1414 3344 gaudio
1434 3281 1572 3330 reddo
1586 3282 1610 3329 ἲ
1673 3281 1792 3331 Ant.
1823 3279 2023 3331 Enim:

516 3345 641 3400 Quin
664 3355 715 3393 tu
737 3347 817 3392 has
838 3345 1179 3409 pollicitationes
1199 3345 1347 3393 aufers
1361 3344 1385 3390 ‘x'

338 3409 423 3468 Et
446 3409 585 3467 item
615 3421 855 3485 postea:

518 3487 621 3540 Abi,
646 3493 812 3548 tange:
852 3487 889 3533 si
911 3502 1001 3535 non
1027 3495 1151 3535 totus
1170 3487 1323 3552 friget,
1346 3502 1421 3535 me
1439 3488 1583 3536 enica-

339 3547 422 3607 Et
445 3549 679 3616 rescitis,
708 3567 816 3626 pro
845 3552 1071 3610 restitas
1093 3575 1116 3612 .·

518 3625 575 3672 Id
596 3627 773 3688 quidem
795 3626 873 3673 tibi
884 3629 982 3690 Jam
1002 3629 1094 3686 fiet,
1118 3631 1203 3677 nisi
1224 3629 1403 3688 restitis,
1426 3632 1634 3679 verbero.

338 3689 423 3749 Et
449 3689 507 3747 in
534 3687 856 3766 Adelphis:

342 3829 395 3890 E
519 3768 703 3816 Vestitu
723 3769 861 3818 nimio
882 3769 1095 3832 indulgis,
1109 3785 1197 3830 pro
1218 3772 1443 3836 indulges.

518 3909 730 3958 Membra
750 3919 872 3960 metu
894 3911 1053 3960 debilia
1072 3919 1205 3962 sunt:
1242 3915 1417 3963 animus
1439 3915 1602 3963 timore
1623 3914 1846 3978 obstipuit,
1859 3929 1948 3974 pm
1969 3917 2199 3979 obstupuit
2217 3934 2232 3967 s

264 3971 752 4053 quemadmodum
800 3975 1006 4034 dicunt
1053 3976 1286 4055 quidam
1326 3979 1628 4058 scripsisse
1659 3977 1987 4057 Virgiliirm,
2023 3981 2303 4060 Obstipui,
2343 3989 2732 4060 steteruntque

262 4071 450 4112 comae.
536 4051 655 4110 Et:
704 4052 985 4134 Obstipuit
1012 4055 1183 4116 simul
1207 4057 1346 4138 ipse.

344 4129 496 4189 Tum
522 4129 581 4187 in
616 4131 1286 4193 Heautontimorumeno
1310 4157 1327 4194 ε

344 4273 397 4332 Ε
522 4209 743 4264 Quisnam
765 4211 838 4258 hic
859 4211 1119 4261 adolescens
1139 4221 1222 4270 est,
1245 4216 1321 4276 qul
1340 4213 1529 4261 intuitur
1550 4227 1635 4262 nos
1649 4215 1673 4261 ἲ
1695 4231 1784 4276 pro
1803 4215 2020 4264 intuetur.

519 4351 749 4400 Luciscit:
788 4353 873 4399 hoc
886 4354 985 4414 jaim
1006 4369 1089 4401 cur
1108 4367 1239 4402 cesso
1255 4355 1431 4416 pultare
1448 4353 1612 4402 omum
1626 4353 1650 4399 ἰ’
1672 4371 1762 4416 pro
1781 4357 1982 4406 lucescit.

346 4415 427 4475 Et
452 4416 511 4473 in
543 4415 870 4494 Adelphis=

522 4494 643 4542 Perii
662 4495 841 4543 hercle:
878 4490 963 4540 hac
984 4493 1046 4541 illi
1068 4508 1147 4556 spe
1166 4495 1253 4540 hoc
1272 4493 1536 4557 inciperunt,
1551 4510 1640 4556 pro
1661 4497 1937 4559 inceperunt.

344 4553 428 4613 Et
450 4557 564 4615 alia
588 4560 729 4619 item
757 4558 1043 4638 ejusmodi
1070 4557 1265 4617 multis
1289 4559 1349 4617 in
1390 4559 1570 4628 locis;
1609 4561 1820 4639 quibus
1867 4565 2120 4640 quidem·
2155 4561 2346 4623 verbis
2387 4561 2534 4624 illud
2587 4583 2735 4624 cou-

264 4631 443 4688 traria
468 4636 731 4698 oratione
757 4639 980 4699 dictum
1008 4639 1081 4699 ab
1109 4635 1195 4698 eo*
1210 4649 1299 4697 est
1325 4636 1383 4695 in
1412 4637 1632 4698 eisdem
1659 4639 1988 4718 Adelphis:

521 4711 667 4762 Dedit
684 4725 900 4779 praeterea
920 4719 969 4768 in
988 4725 1215 4782 sumptum
1236 4717 1473 4768 &medium
1496 4718 1658 4768 mina:
1689 4733 1776 4780 pro
1797 4719 2044 4769 dimidium·
