3067 4959
1145 306 1152 314 ’
1211 313 1861 388 TERENTIANA.
1906 351 1909 356 ·
2448 317 2457 326 ⁵
2612 323 2767 390 xciii

373 479 452 542 od
477 479 540 542 in
611 478 775 540 rimis
801 477 1230 540 observandum
1259 489 1368 551 est,
1397 489 1460 539 et
1485 479 1609 540 acri
1636 479 1890 572 quodam
1918 477 2146 540 aurium
2168 475 2395 560 judicio
2420 495 2765 546 consectan-

281 499 450 620 dgm.
537 501 653 620 Eat
677 559 836 620 aliud
863 559 1038 618 etiam
1065 559 1123 616 in
1153 569 1274 638 q⁴uo
1301 559 1557 618 maxima
1583 559 1803 619 utilitas
1910 559 2021 618 sita
2046 571 2170 619 est=
2218 561 2280 620 Si
2308 562 2408 640 qui
2434 561 2587 620 enim
2614 561 2767 623 forte

285 657 524 699 errores
549 639 610 698 in
640 638 896 698 carmine
924 637 1161 706 fuerint,
1192 637 1350 716 quod
1391 657 1675 716 perquam
1716 579 1909 697 facire?
1930 649 2127 718 potest
2152 639 2405 708 evenire,
2435 651 2497 700 et
2522 641 2767 700 nimium

281 736 451 792 saepe
471 718 689 787 evenit,
707 735 806 776 eos
823 735 1050 775 errores
1068 716 1512 794 deprehendere
1533 717 1717 794 possit
1732 735 1926 785 nemo,
1946 717 2055 774 nisi
2072 716 2171 808 qui
2192 735 2461 776 versuum
2482 719 2767 778 rationem

285 797 528 932 galleat.
593 795 712 856 Sed
727 795 855 855 baec
869 793 1012 854 satis
1028 817 1046 864 3
1071 813 1264 872 neque
1285 794 1440 854 enim
1460 795 1731 853 hocloco
1750 806 1937 854 artem
1958 795 2239 854 menendi
2259 795 2531 856 carminis
2550 795 2769 857 docere

331 891 549 933 ecrevn.

373 951 606 1011 Paucas
633 951 814 1032 igitur
837 951 1375 1011 observatiunculas
1391 949 1767 1030 proposuisse
1786 949 2099 1022 suffecerit,
2120 970 2253 1030 quae
2270 961 2333 1012 et
2352 963 2531 1012 certae
2549 961 2687 1012 sunt
2706 963 2769 1014 et

290 1030 642 1108 perspicuoe.
721 1031 842 1089 Eas
867 1043 1064 1088 autem
1093 1029 1426 1108 priusquam
1453 1029 1773 1108 ingredior,
1801 1030 1917 1088 hoc
1944 1029 2099 1100 audi,
2141 1031 2301 1108 quod
2340 1049 2375 1090 a
2418 1031 2499 1090 ud
2528 1031 2771 1091 Cicero-

288 1127 428 1168 nem
455 1107 516 1166 in
541 1109 795 1168 Oratore
821 1107 1099 1168 Perfecto
1123 1109 1404 1186 scriptum
1433 1119 1544 1166 est.
1606 1108 1723 1181 (At
1755 1107 2129 1167 Comicorum
2157 1106 2366 1168 senarii
2429 1121 2674 1189 propter
2690 1109 2769 1170 si·

289 1185 678 1245 militudinem
707 1186 996 1246 sermonis
1025 1187 1218 1266 (quod
1240 1207 1342 1247 nos
1369 1185 1530 1245 Gaui
1556 1184 1724 1264 vulgo
1749 1206 2009 1246 vocamus
2048 1187 2451 1246 conversation
2479 1199 2543 1247 et
2568 1199 2763 1247 entre·

289 1265 442 1342 tien)
470 1263 556 1323 sic
584 1283 741 1344 saepe
767 1277 909 1324 sunt
935 1265 1149 1339 abjecti
1179 1265 1286 1342 (id
1322 1273 1426 1333 est,
1453 1261 1697 1354 neglecti
1722 1275 1777 1324 et
1798 1263 2121 1342 populares,
2148 1275 2203 1325 et
2228 1275 2293 1324 ut
2320 1266 2519 1326 Groeci
2542 1275 2765 1338 vocant,

291 1343 788 1420 ΛΟΓΟΕῙΔΕΙΣ)
829 1353 896 1401 ut
937 1361 1358 1422 nonnunquam
1388 1343 1488 1400 vix
1517 1361 1579 1399 m
1605 1341 1695 1401 his
1734 1361 2013 1401 numerus
2064 1343 2167 1410 (id
2202 1351 2303 1415 est,
2352 1343 2420 1403 rh
2486 1344 2665 1414 lamus,
2700 1354 2769 1405 ut

293 1423 500 1482 Graece
539 1422 782 1491 dicitur)
814 1434 876 1480 et
895 1439 1100 1480 versus
1131 1421 1358 1496 (idest,
1380 1421 1687 1488 dimensio)
1718 1419 1920 1479 sentiri
1939 1420 2144 1498 possit.
2212 1421 2395 1482 Vides
2471 1421 2767 1482 iceronem

290 1499 482 1577 ipsum
509 1499 679 1560 fateri
708 1519 840 1580 quae
863 1499 1086 1560 fatetur
1096 1499 1184 1570 „de
1211 1498 1591 1566 dimensione,
1614 1498 1689 1556 de
1707 1498 2015 1577 rhythm03
2042 1509 2378 1579 utrumque,
2396 1499 2642 1571 scilicet,
2664 1499 2765 1559 vix

290 1577 494 1637 sentiri
527 1597 714 1657 posse.
799 1578 958 1644 Quid
985 1597 1092 1636 nos
1119 1576 1400 1636 barbaros
1427 1575 1709 1644 homines,
1738 1587 1800 1635 et
1826 1577 1861 1633 ὲ
1887 1576 2190 1648 felicitate,
2218 1595 2290 1637 ac
2317 1576 2587 1638 doctrina
2612 1578 2767 1638 illius

289 1656 489 1715 soeculi
511 1667 628 1716 tam
650 1659 864 1734 magna
883 1655 1328 1734 intercapedine
1347 1654 1582 1714 dissitos
1595 1654 1863 1732 judicare
1882 1655 2089 1715 deceat
2108 1657 2138 1714 ἓ
2196 1655 2337 1727 Sed,
2356 1655 2515 1736 quod
2532 1655 2765 1726 mirere,

291 1733 370 1794 de
396 1735 636 1794 senariis
662 1733 889 1795 tantum
917 1735 1180 1812 loquitur
1209 1733 1462 1802 Cicero;
1544 1732 1665 1802 uid,
1697 1733 1746 1792 si
1774 1733 1851 1792 de
1878 1732 2211 1802 trochaicis,
2240 1732 2316 1792 de
2356 1734 2765 1812 anapaesticis?

297 1811 373 1873 de
399 1813 672 1872 universo
699 1833 919 1892 genere
944 1811 1327 1872 iambicorum
1348 1811 1380 1868 Ρ
1406 1811 1506 1890 qui
1575 1811 1622 1869 si
1650 1809 1727 1871 de
1754 1810 2034 1871 universis
2059 1811 2543 1889 anapaestico‘rum
2564 1812 2767 1872 formis

295 1891 592 1969 agendum
619 1891 731 1970 ipsi
752 1890 962 1951 fuisset
977 1893 1008 1949 Ρ
1051 1890 1194 1969 quid
1221 1890 1298 1948 de
1323 1889 1452 1948 aliis
1477 1889 1813 1968 generibus,
1842 1909 1974 1968 quae
1998 1888 2063 1948 in
2088 1890 2435 1950 Graecorum
2464 1889 2767 1950 comoediis

298 1969 604 2028 celebrata
627 1969 764 2027 olim
791 1969 1028 2029 fuerunt.
1045 1969 1076 2028 ἲ
1117 1967 1270 2026 Tum
1298 1967 1441 2028 vero
1471 1967 1657 2046 magis
1684 1967 1950 2039 dixisset,
1977 1969 2073 2028 viv
2096 1968 2300 2028 sentiri
2317 1976 2573 2046 possunt.

386 2045 508 2105 Sed
534 2046 610 2104 ad
635 2065 759 2104 rem
783 2047 974 2108 venio.
1055 2047 1156 2107 Sic
1181 2045 1358 2124 igitur
1383 2047 1547 2105 docti
1573 2045 1930 2115 existimant,
1960 2044 2077 2104 duo
2104 2043 2336 2104 tantum
2362 2064 2633 2104 versuum
2662 2065 2767 2124 ge-

293 2143 444 2183 nera
469 2143 599 2184 esse
622 2125 781 2203 apud
809 2125 1168 2192 Terentium,
1191 2123 1466 2185 iambicos
1486 2136 1548 2184 ct
1565 2123 1917 2184 trochaicos.
1977 2123 2051 2181 Id
2070 2142 2103 2182 e
2147 2121 2263 2181 oin
2286 2122 2615 2182 universum
2636 2143 2766 2184 esse

295 2201 662 2262 verissimum
689 2202 830 2263 scio.
914 2205 1032 2264 Sed
1061 2202 1203 2282 quid
1227 2203 1302 2262 ad
1331 2203 1438 2262 hos
1464 2221 1667 2264 versus
1695 2201 1839 2262 Act.
1864 2202 1977 2262 IV.
2004 2203 2105 2262 An
2178 2200 2251 2262 iae
2272 2221 2435 2264 scen.
2460 2201 2511 2261 1.
2540 2201 2701 2262 dicas
2718 2201 2749 2260 ?

555 2281 766 2330 Haecine
783 2283 990 2332 credibile
1011 2291 1096 2340 est,
1116 2291 1196 2330 aut
1213 2281 1520 2338 memorabile,

551 2345 702 2394 Tanta
722 2349 927 2396 vecordia
947 2350 1100 2396 innata
1117 2347 1324 2409 cuiquam
1349 2355 1400 2394 ut
1422 2347 1520 2402 siet,

549 2409 621 2458 Ut
641 2413 771 2460 unalis
789 2413 984 2476 gaudeat
1003 2413 1172 2467 alienis,
1193 2423 1330 2473 atque
1347 2425 1408 2458 ex
1427 2409 1729 2459 incommodis

543 2475 750 2524 Alterius
766 2493 850 2525 sua
871 2487 922 2526 ut
940 2484 1172 2540 comparet
1185 2475 1424 2522 commoda
1436 2475 1460 2521 ἲ
1493 2473 1574 2524 ah!

369 2538 462 2599 Ibi
487 2540 630 2598 nihil
663 2539 938 2613 Faernus,
961 2540 1048 2598 vir
1073 2541 1132 2598 in
1161 2539 1275 2598 isto
1296 2557 1515 2616 genere
1535 2537 2029 2616 diligentissimus.
2091 2537 2366 2600 Muretus
2386 2549 2584 2600 autem
2606 2543 2764 2602 ultro

286 2617 524 2690 fatetur,
553 2618 760 2677 horum
790 2630 1044 2699 quatuor
1069 2637 1343 2678 versuum
1367 2615 1653 2676 rationem
1676 2618 1977 2696 explicare
1997 2617 2229 2676 difficile
2250 2636 2394 2676 esse.
2460 2619 2599 2678 Scio
2620 2621 2763 2700 quid

293 2698 629 2767 Goveanus,
656 2697 798 2776 quid
829 2697 1116 2776 Scaliger,
1145 2696 1290 2776 quid
1319 2695 1600 2755 Erasmus
1626 2695 1886 2756 dixerint
1911 2696 1985 2755 ad
2013 2696 2171 2754 hunc
2198 2715 2448 2755 versum.
2529 2698 2617 2757 At
2643 2719 2763 2764 non

291 2787 382 2835 cst
406 2777 688 2843 senarius,
710 2775 812 2850 ἅτ.
873 2776 1151 2835 Arbitror
1171 2793 1300 2834 esse
1321 2774 1456 2833 dact
1503 2774 1680 2834 licum
1704 2775 2135 2855 quaternarium
2156 2774 2519 2852 perfectum:
2549 2788 2609 2835 et
2630 2777 2762 2836 talis

289 2853 622 2913 necessario
646 2853 847 2923 fuerit,
868 2853 1116 2913 simodo
1145 2852 1388 2911 tollatur
1419 2852 1458 2909 il
1487 2853 1566 2910 ud
1586 2863 1689 2922 est,
1718 2853 1876 2930 quod
1898 2871 1975 2910 ex
1994 2853 2344 2930 glossemate
2364 2853 2483 2912 huc
2509 2852 2625 2913 irre
2666 2855 2761 2914 sit.

291 2931 488 2991 Possit
513 2932 718 2992 referri
746 2945 808 2991 et
833 2932 907 2991 ad
936 2952 1123 3010 genus
1150 2929 1633 2990 choriambicum.
1716 2930 2025 2990 Secundus
2052 2941 2245 3008 potest
2272 2949 2400 2990 esse
2427 2931 2761 2992 trochmcus

293 3009 560 3068 senarius
601 3009 976 3069 catalecticus
999 3035 1016 3080 ς
1055 3010 1161 3070 sed
1187 3008 1432 3068 fortasse
1458 3009 1745 3070 iambicus
1772 3009 2035 3068 trimeter
2058 3006 2273 3079 fuerat,
2301 3009 2387 3066 sic
2413 3009 2489 3066 ad
2514 3009 2760 3069 formam

291 3105 463 3144 suam
490 3086 880 3162 redigendus:
2710 3129 2715 3134 -

557 3163 724 3212 lunata
741 3166 944 3228 cuiquam
966 3173 1090 3214 tanta
1107 3175 1160 3216 ut
1177 3168 1262 3218 siet
1281 3169 1504 3218 vecordis.

377 3229 552 3288 Tunc
577 3229 684 3288 siet
709 3227 884 3287 fuerit
913 3232 1390 3309 monosyllabum.
1473 3229 1765 3309 Exempla
1792 3225 2017 3286 infinita
2042 3237 2194 3286 sunt.
2257 3224 2495 3286 Tertius
2521 3236 2612 3286 est
2638 3239 2761 3304 tro-

286 3307 531 3368 chaicus
558 3307 925 3386 septenarius
951 3309 1348 3382 catalecticus,
1378 3311 1703 3386 cujusmodi
1734 3326 1849 3365 non
1876 3306 2111 3365 memini
2137 3325 2235 3366 me
2260 3303 2474 3365 multos
2498 3305 2721 3384 legere.

546 3385 617 3435 Ut
637 3385 792 3434 rna-lis
809 3389 1026 3451 gau-dent
1045 3389 1198 3436 a-lim’
1219 3389 1364 3453 at-qu’
1384 3405 1442 3437 ex
1461 3387 1820 3436 in—commo-dis.

361 3453 614 3522 Tamen,
641 3451 804 3531 quod
833 3451 1020 3511 mimis
1046 3453 1328 3513 credibile
1353 3454 1639 3523 videatur,
1682 3469 1759 3510 ex
1798 3449 2005 3527 regula
2044 3460 2107 3508 et.
2151 3449 2577 3524 observatione,
2626 3468 2757 3528 quae

281 3528 526 3592 inferius
541 3543 809 3658 &poelt-ur
835 3529 912 3656 (ἐξ
937 3530 1212 3657 etlidgndo
1237 3554 1285 3600 s,
1307 3531 1532 3628 poterit
1560 3549 1721 3656 ess?di
1714 3528 1975 3596 senarius
2001 3527 2127 3587 sic:

635 3625 682 3656 m
727 3625 742 3656 l
759 3635 784 3646 -
905 3625 958 3656 ω
997 3625 1046 3657 ἃ·
1079 3625 1178 3658 ems
1197 3626 1224 3658 8
1275 3625 1304 3657 U
1345 3624 1645 3658 ex-flncom·m
1722 3625 1762 3656 8.

361 3675 494 3732 Erit
516 3625 889 3753 synizesis‘in
913 3675 1180 3734 secundo
1207 3619 1378 3753 ptgde,
1408 3684 1474 3732 ut
1500 3685 1565 3731 et
1590 3672 1649 3731 in
1678 3669 1873 3743 tertio,
1902 3669 1983 3728 nil
2011 3669 2397 3752 frequentius.

361 3753 622 3818 Quartus
648 3763 774 3812 est:

537 3831 740 3879 Alterius
760 3846 844 3878 sua
863 3838 916 3878 ut
936 3839 1167 3895 comparet
1186 3831 1436 3887 commoda,
1457 3831 1532 3879 ah.

361 3893 519 3952 Puto
543 3895 918 3953 scribendum
946 3915 1094 3965 esse,
1126 3893 1382 3955 Alterius
1408 3905 1470 3954 ut
1496 3913 1601 3954 sua
1629 3893 1909 3952 commoda
1936 3892 2342 3972 comparet-ak.

361 3971 497 4029 Erit
523 3969 846 4050 dactylicus
876 3974 1302 4051 quaternarius.
1385 3972 1541 4031 Illud
1563 3983 1759 4030 autem
1784 3970 1857 4028 ah
1884 3980 2059 4028 extra
2075 3989 2301 4028 versum
2325 3969 2457 4042 erit,
2478 3983 2547 4032 ut
2562 3971 2757 4032 solent

274 4069 412 4110 esse
437 4049 912 4120 exclamationes,
938 4050 1397 4127 interjectiones,
1437 4051 1496 4106 in
1525 4049 1642 4108 line
1668 4061 1731 4108 et
1757 4047 1943 4116 initio,
1972 4047 2129 4125 apud
2172 4048 2548 4126 Sophoclem,
2579 4049 2756 4108 Euri-

275 4127 502 4208 pidem,
533 4126 1008 4207 Aristophanem.
1089 4129 1248 4196 Quin
1275 4141 1336 4187 et
1363 4128 1522 4208 apud
1551 4125 1895 4188 Terentium
1921 4125 2111 4204 ipsum
2138 4128 2413 4207 exempla
2438 4129 2721 4209 reperies.

956 4243 1044 4284 ns:
1083 4241 1388 4296 cnss‘rlco,
1431 4241 1552 4282 sau
1593 4237 2077 4280 AMPHmAcno.

349 4317 702 4379 Joachimus
728 4319 1114 4391 Camerarius,
1141 4319 1227 4377 vir
1253 4319 1406 4378 inter
1433 4319 1765 4378 Germanos
1802 4316 2087 4394 superiori
2116 4318 2334 4377 saeculo
2358 4315 2619 4394 insignis,
2646 4313 2755 4371 ho-

269 4397 701 4469 noratissimus,
721 4408 784 4456 et
799 4397 972 4477 longe
989 4397 1264 4478 optimus,
1283 4408 1471 4476 putat,
1491 4395 1777 4456 creticum
1794 4394 1855 4452 in
1868 4394 2123 4454 iambico
2138 4407 2199 4455 et
2218 4395 2519 4454 trochaico
2533 4409 2753 4469 genere

265 4477 478 4538 locum.
495 4477 718 4536 habere
744 4495 864 4535 non
892 4497 1097 4556 posse:
1127 4477 1296 4534 multi
1325 4474 1531 4536 eontra
1562 4475 1849 4534 nituntur.
1932 4473 2053 4533 Sed
2078 4473 2394 4533 videamus·

341 4555 420 4616 In
447 4555 684 4616 Andria
710 4575 846 4635 pag.
872 4560 931 4616 6.
955 4555 1214 4633 legitur:

525 4633 738 4684 Liberi&
758 4636 942 4684 v1ve'ndl
963 4635 1052 4683 suit
1072 4641 1299 4696 potesta-2
1338 4646 1442 4680 natu
1464 4639 1615 4680 antea.

345 4695 556 4770 Debet
573 4711 774 4760 autem
799 4717 931 4758 esse
957 4717 1162 4756 versus
1186 4695 1449 4756 senarius
1475 4693 1781 4752 iambicus.
1859 4693 2071 4769 Itaque
2094 4684 2329 4748 tiberias
2353 4685 2468 4746 erit
2494 4689 2751 4748 aeneu-

269 4775 488 4838 cxtrito
513 4777 594 4854 E,
622 4777 786 4860 quod
812 4777 998 4839 breve
1024 4787 1134 4851 est,
1164 4773 1332 4856 quasi
1355 4770 1777 4854 pronunciare·
1800 4769 2024 4837 libr-ius,
2052 4763 2325 4839 exempla
2351 4767 2479 4840 ejus
2504 4765 2589 4824 rei
2612 4775 2752 4822 sunt
