3067 4959
284 295 467 390 txyffi
808 328 821 341 ·
1148 287 1882 386 raOLEGOMENA

360 429 515 488 Nam
554 426 663 485 nisi
702 425 819 484 hoc
856 421 1011 483 soliti
1051 434 1247 484 canent
1283 424 1500 493 facere,
1543 423 1702 484 mille
1727 423 1856 483 alioe
1881 423 1990 482 viae
2029 433 2198 483 erant
2235 424 2312 484 ad
2352 425 2558 486 eadem
2585 427 2742 506 pene

276 526 451 568 versu
478 502 903 568 concludenda,
931 513 998 561 ut
1022 519 1145 560 rem
1173 517 1381 561 novam
1410 501 1675 561 evitaret.
1755 500 1976 560 Verum
2004 521 2157 561 nova
2175 521 2544 582 nequaquam
2575 519 2703 565 erat
2721 499 2754 564 ε’

276 587 379 646 aed
410 587 481 643 ab
514 584 777 642 Homero
799 601 1004 660 usque.
1088 581 1239 639 Nam
1270 581 1327 637 in
1356 581 1589 658 hymnis
1628 579 1816 658 μέλος,
1845 581 1902 638 in
1933 580 2118 640 Iliade
2146 582 2372 674 ἑλώρια,
2401 596 2582 662 atque
2625 585 2752 645 alia·

281 662 579 744 produxit.
662 661 975 738 Etiamque
1000 678 1157 717 nunc
1177 659 1373 717 multae
1400 659 1665 718 nationes
1682 659 1830 718 adeo
1855 661 2050 719 crasse
2077 681 2205 718 eam
2231 662 2458 720 luteram
2479 681 2742 739 pronun-

281 742 459 810 cient,
490 752 555 799 ut
580 740 739 797 intus
778 757 907 797 esse
946 738 1221 816 aspiratio
1260 738 1547 804 videatur,
1591 738 1822 806 Gabali,
1869 739 2140 807 Arverni,
2183 739 2401 807 Graeci,
2437 741 2739 812 Germani,

279 821 552 898 Ligures,
600 815 863 876 Taurini.
946 813 1236 876 Caeterum
1266 817 1441 874 etiam
1470 815 1584 874 alia
1619 816 1768 874 ratio
1807 829 1916 885 est,
1947 827 2014 874 ut
2040 828 2100 875 et
2125 837 2326 876 versus
2368 819 2466 876 ille
2509 819 2740 898 prologi

282 909 532 966 constet,
580 915 773 974 neque
815 894 1033 971 liquida
1064 895 1414 973 geminetur.
1496 893 1648 953 Sane
1694 895 1742 953 ai
1785 913 1913 952 eam
1941 914 2145 954 vocem
2189 915 2320 974 quae
2361 896 2422 953 in
2466 915 2542 954 eo
2567 917 2742 956 versu

278 977 465 1056 prima
493 986 602 1041 est,
632 992 747 1032 non
778 973 1049 1042 collidas3
1095 973 1253 1051 quod
1280 991 1437 1051 saepe
1460 972 1600 1030 alibi
1627 985 1688 1032 et
1713 973 1772 1030 in
1801 976 1892 1045 ea,
1923 985 1985 1032 et
2010 974 2070 1031 in
2097 973 2224 1034 aliis
2251 975 2582 1034 t'actitatum
2613 989 2738 1047 αις

274 1055 431 1114 sicut
458 1054 515 1110 in
546 1052 870 1110 Eunucho:

538 1129 643 1179 Una
668 1133 733 1178 ire
752 1145 854 1178 cum
878 1127 1018 1176 amice
1038 1129 1349 1192 imperatorem
1370 1131 1418 1176 in
1438 1127 1525 1176 via.

359 1197 431 1255 In
458 1196 717 1254 secunda
742 1195 895 1253 enim
924 1193 1065 1252 sede
1090 1193 1361 1270 dactylus
1400 1207 1509 1262 est,
1536 1211 1729 1284 neque
1767 1194 2104 1285 praepositio
2149 1194 2465 1253 colliditur.
2545 1196 2640 1256 Ita
2677 1197 2741 1254 in

276 1274 378 1332 illo
405 1275 451 1333 si
480 1273 954 1351 conjunctionem
981 1291 1111 1330 nam
1138 1291 1257 1330 non
1286 1271 1548 1332 collidas,
1591 1271 1732 1330 mhil
1775 1274 2108 1332 innovabis:
2151 1273 2469 1351 praesertim
2499 1273 2634 1332 cum
2676 1275 2739 1334 in

322 1364 557 1429 romptu
584 1351 805 1420 habuit,
836 1361 901 1410 ut
921 1369 1031 1428 pro
1056 1371 1205 1418 nam,
1230 1350 1550 1423 subjiceret
1567 1369 1826 1430 namque.
1905 1351 2148 1421 Verum,
2179 1364 2244 1410 ut
2263 1352 2538 1420 diximum
2559 1354 2740 1413 etiam

278 1451 337 1490 in
367 1431 481 1490 alio
508 1431 752 1509 prologo
779 1430 932 1488 idem
962 1428 1180 1487 factum
1210 1438 1317 1497 est,
1344 1439 1409 1486 ut
1423 1428 1840 1505 geminaretur,
1859 1441 1920 1488 et
1938 1433 2102 1491 recte
2123 1451 2142 1489 ι
2183 1430 2374 1490 minus
2401 1431 2542 1490 vero
2569 1433 2738 1492 recte

277 1508 315 1570 ὁ
344 1511 583 1568 Donato
608 1509 667 1565 in
700 1509 955 1584 Hecyroe
980 1506 1262 1584 prologo=

537 1584 687 1649 Prope*
700 1590 797 1650 Jnm
820 1595 1086 1635 remmotum
1108 1585 1268 1648 injuria
1288 1585 1606 1632 adversariam.

356 1651 511 1709 Nam
540 1651 768 1709 tametsi
796 1649 1076 1728 geminari
1106 1649 1475 1707 consuevisse
1502 1649 1776 1721 fatemur,
1803 1661 1998 1710 tamen
2021 1669 2138 1708 non
2161 1671 2296 1710 eum
2317 1651 2494 1711 fuisse
2514 1652 2734 1724 locum,

282 1747 411 1788 eam
433 1727 743 1788 affectandi
770 1726 1158 1790 novationem.
1191 1727 1289 1804 qui
1317 1726 1425 1785 sibi
1449 1727 1727 1798 iambum,
1757 1729 2228 1808 quandocunque
2245 1743 2462 1808 posset,
2483 1731 2735 1790 ascisce-

276 1819 388 1868 ret.
470 1807 655 1868 Sicuti
686 1827 798 1864 non
829 1806 1021 1865 minus
1048 1804 1357 1864 infeliciter
1388 1805 1758 1866 Priscianus:
1803 1808 1902 1886 qui
1952 1807 2088 1866 cum
2137 1811 2396 1868 redducit
2434 1809 2734 1887 geminare

274 1897 497 1945 mutam
524 1885 768 1958 diceret,
797 1886 975 1963 idque
1002 1883 1277 1962 exemplo
1298 1885 1547 1962 probare
1561 1885 1760 1958 vellet,
1775 1886 1974 1946 attulit
1999 1886 2312 1946 dimetrum
2341 1887 2734 1946 Horatianum

276 1983 353 2024 ex
384 1965 631 2044 Epodo:

532 2043 770 2092 Reddueet
790 2043 835 2090 in
853 2043 1005 2090 sedem
1026 2043 1140 2090 vice.

359 2107 511 2166 Nam
540 2108 681 2184 quid
709 2108 843 2177 aiat,
872 2107 919 2164 si
948 2126 1157 2184 negem
1178 2105 1209 2162 ?
1250 2124 1442 2183 neque
1480 2106 1638 2164 enim
1681 2107 2029 2165 necessitate
2073 2106 2240 2184 pedis
2288 2107 2735 2185 persuadebitur

275 2185 465 2244 nobis.
544 2185 703 2249 Quid
729 2185 777 2242 si
804 2185 1152 2243 contendam
1181 2203 1295 2244 non
1326 2204 1455 2243 esse
1480 2185 1700 2244 sactum
1744 2186 1816 2242 ab
1861 2185 2130 2252 Horatio,
2159 2185 2258 2261 qui
2285 2187 2480 2262 quoad
2521 2197 2736 2264 potest,

280 2263 503 2322 iambos
530 2263 701 2320 etiam
734 2263 1106 2338 aucupatur?
1188 2265 1385 2328 Quare
1414 2261 1594 2339 igitur
1619 2261 1896 2336 abjecerit
1929 2262 2247 2336 genuinum
2287 2263 2524 2338 pedem,
2555 2284 2740 2341 quare

275 2339 591 2475 admiseriti
597 2341 847 2419 spuriam
877 2341 1123 2412 literam,
1154 2353 1219 2399 ut
1247 2340 1409 2400 illum
1435 2339 1785 2400 excluderet
1802 2339 1831 2396 Ρ
1894 2338 2114 2398 Melius
2137 2338 2392 2410 fecisset,
2415 2338 2465 2398 si
2491 2359 2572 2398 ex
2611 2343 2741 2400 He-

280 2437 314 2478 ο
360 2421 422 2476 τὲ
448 2419 547 2476 illu
614 2440 630 2478 ε

314 2439 353 2498 y
536 2497 790 2545 Remissam
814 2513 927 2560 opus
948 2499 1007 2546 sit
1026 2499 1167 2554 vobis,
1190 2514 1246 2546 an
1272 2497 1527 2546 redductam
1552 2499 1752 2544 domum.

360 2561 573 2640 Neque
612 2563 819 2619 mirum
853 2581 983 2638 quae
1026 2563 1082 2619 in
1110 2565 1285 2622 reddo
1312 2562 1665 2638 geminetur.
1747 2561 1814 2619 In
1849 2559 2041 2620 Scene
2069 2579 2306 2652 quoque
2333 2559 2504 2640 primi
2536 2561 2730 2623 Actfis

283 2642 506 2718 quinta,
537 2639 669 2698 cum
702 2639 986 2716 Pamphili
1015 2640 1258 2698 orationi
1280 2640 1687 2699 intervenisset
1707 2640 1774 2698 M
1819 2639 1916 2706 sis,
1945 2650 2124 2717 atque
2147 2657 2266 2697 suis
2295 2653 2544 2717 uterque
2569 2663 2734 2702 seor-

276 2737 405 2778 sum
450 2717 752 2776 affectibus
795 2729 1078 2786 uteretur,
1125 2737 1325 2776 versus
1370 2718 1705 2776 interseruit
1751 2660 2010 2776 diversos
2060 2735 2302 2797 quoque
2337 2723 2534 2797 poeta,
2587 2740 2734 2800 quos

280 2796 557 2856 Erasmus
586 2794 847 2852 confudit
872 2817 887 2852 ε
929 2796 1013 2854 sic
1040 2797 1219 2872 igitur
1247 2796 1479 2880 legendi
1508 2808 1683 2855 sunt:

532 2873 699 2920 H6cne
718 2881 787 2919 est
808 2874 1051 2922 humanum
1072 2876 1255 2932 sactum,
1278 2884 1356 2923 aut
1376 2876 1603 2938 inceptum
1617 2877 1642 2922 ⁴?
1673 2875 1862 2923 hoccine
1876 2873 2072 2924 officium
2093 2876 2267 2937 patria?
2301 2877 2427 2932 Quid
2447 2879 2556 2926 illud
2577 2886 2644 2926 est
2658 2879 2683 2925 ἰ’

533 2936 654 2984 Proh
679 2936 835 2984 Dessm
855 2947 989 3000 atque
1009 2941 1239 2989 bominum
1254 2941 1404 2996 fidem.
1427 2941 1535 3002 quid
1553 2949 1638 2998 eut,
1662 2941 1700 2989 si
1723 2955 1814 2987 non
1837 2941 1934 2987 haec
1957 2940 2227 2989 contumelia
2245 2942 2349 2990 est?

358 3002 458 3063 Sic
486 3001 638 3060 enim
668 3003 841 3061 etiam
870 3002 983 3062 alio
1010 3025 1227 3082 genere
1262 3005 1447 3082 Mysia
1474 3004 1662 3064 utitur
1689 3005 1936 3064 iterum:

530 3081 749 3129 Miseram
772 3097 857 3136 me,
880 3084 998 3144 quod
1017 3086 1199 3133 verbum
1220 3084 1387 3134 audio?
1805 3129 1810 3134 .

352 3147 467 3208 Cui
496 3147 810 3226 respondet
833 3147 976 3224 illud
1009 3149 1331 3226 pamphilia

529 3226 727 3281 Quodsi
748 3225 811 3282 fit,
836 3243 969 3290 pereo
990 3227 1205 3276 funditus.

346 3291 420 3350 In
444 3290 653 3350 eadem
680 3301 875 3349 autem
896 3293 1076 3350 scena
1100 3310 1327 3349 versum
1356 3289 1516 3347 illum
1541 3310 1559 3348 z

528 3368 651 3415 Proh
675 3368 828 3414 Dedm
850 3376 983 3430 atque
1002 3369 1232 3416 bominum
1254 3369 1402 3424 fidem,
1422 3365 1610 3415 nullone
1631 3383 1746 3430 ego:

272 3430 554 3508 Appellat
594 3432 905 3488 dimetrum
952 3431 1104 3509 pede
1150 3431 1531 3498 redundante,
1562 3431 1698 3488 laxe
1727 3429 1864 3486 sane
1892 3429 2081 3491 nimis.
2164 3431 2310 3490 Nam
2341 3429 2722 3508 quamobrem

269 3527 388 3566 non
419 3508 743 3585 quinarium
768 3508 795 3564 Ρ
836 3528 1017 3586 quare
1046 3529 1160 3568 non
1193 3510 1519 3568 trimetrum
1563 3508 2248 3584 brachycatalecticum?
2289 3511 2416 3587 quis
2464 3529 2540 3566 un
2589 3529 2726 3570 uam

268 3585 491 3649 audivit
516 3604 744 3642 versum
775 3586 953 3644 ullum
984 3587 1134 3664 pede
1163 3608 1290 3646 esse
1320 3586 1683 3646 redundante
1703 3587 1733 3643 Ρ
1775 3585 1966 3646 nonne
1994 3588 2118 3665 ipse
2141 3589 2237 3648 ille
2260 3608 2458 3648 versus
2481 3589 2613 3646 talia
2631 3601 2729 3655 est

266 3665 382 3723 hoc
412 3663 536 3742 ipso
566 3663 735 3740 pede,
768 3683 940 3740 quem
970 3665 1114 3724 dicis
1144 3665 1471 3724 redundare
1490 3666 1519 3721 Ρ
1601 3664 1756 3723 Illud
1784 3685 2020 3745 quoque
2049 3667 2200 3728 male
2243 3667 2591 3745 dignoscere
2617 3666 2728 3725 visi

265 3755 439 3803 sunt:
484 3740 615 3800 cum
670 3744 811 3801 Act.
854 3741 937 3800 11.
978 3746 1257 3821 putarunt
1305 3743 1554 3816 initium,
1583 3743 1830 3802 caudam
1871 3763 1998 3804 esse
2039 3747 2316 3823 postremi
2346 3744 2564 3816 versus,
2606 3763 2726 3824 quo

268 3820 561 3880 clauditur
592 3822 731 3878 Act.
765 3822 813 3879 1.
840 3821 945 3890 sic,

522 3899 600 3946 Ne
622 3900 676 3946 ad
698 3901 901 3946 morbum
924 3901 1011 3947 hoe
1042 3899 1190 3955 etiam,
1214 3908 1377 3949 teneo:
1416 3901 1523 3963 quid
1544 3901 1624 3977 nis,
1647 3899 1876 3962 Byrrhia?

345 3962 499 4021 Nam
530 3977 595 4021 ut
622 3964 736 4022 hoc
756 3962 1003 4040 primum
1028 3963 1240 4034 dicam,
1270 3966 1454 4023 multo
1474 3978 1653 4023 satius
1675 3977 1784 4033 est,
1810 3977 1873 4023 ut
1890 3963 2056 4024 initia
2071 3977 2310 4024 actuum
2334 3965 2565 4043 integra
2584 3964 2724 4036 sint,
2751 3992 2758 4005 ¹

260 4041 683 4183 2333125331..
709 4042 955 4198 ¹332&
980 4056 1224 4201 :3535
1240 4057 1588 4191 ἔέἱήῗὲἑῖἱὶῗ
1609 4043 2344 4199 ἑῖςῗέἓὶῖῗι.”ιῖἲὲἱὲῐέἐ
2373 4044 2724 4181 Ξὶζῒῗὲῗὲἳ

259 4214 429 4260 vetus
450 4198 739 4258 comoedia
758 4199 1141 4258 interserebat
1159 4202 1545 4280 προσρήματα,
1565 4200 1794 4267 choros,
1819 4200 2099 4270 diverbia,
2121 4201 2526 4278 apostrophen,
2541 4214 2724 4277 atque

254 4281 369 4341 alia
396 4275 702 4358 ejusmodi.
784 4276 953 4336 Nova
980 4279 1269 4337 comoedia
1289 4277 1421 4337 rard
1440 4297 1703 4356 gregem,
1736 4277 1842 4335 nisi
1873 4278 1932 4334 in
1959 4277 2093 4335 fine.
2177 4278 2518 4358 Aliquando
2541 4279 2724 4338 etiam

256 4360 595 4436 Choragum
619 4353 869 4432 legimus
896 4356 1052 4434 apud
1084 4357 1379 4416 Plautum.
1458 4357 1719 4415 Omnino
1745 4369 1944 4415 autem
1973 4355 2194 4416 tibicen
2220 4359 2510 4417 canebat=
2551 4356 2723 4436 quod

255 4436 288 4493 ὃ
316 4436 611 4497 Pseudolo
638 4435 781 4492 licet
812 4433 1185 4512 perspiceret
1865 4442 1872 4446 ’

507 4515 637 4562 Dum
655 4514 945 4561 concenturio
964 4514 1014 4560 in
1035 4513 1169 4560 eorde
1190 4513 1517 4576 sycophantias,

504 4579 691 4628 Tibicen
714 4593 799 4628 vor
818 4579 988 4627 interea
1010 4578 1081 4624 bic
1096 4577 1398 4626 delectaverit.

334 4639 528 4699 Tanto
564 4642 746 4720 igitur
780 4641 1107 4716 intervallo,
1154 4643 1453 4721 quomodo
1490 4641 1782 4707 Charinus,
1827 4641 2082 4722 Mysidi·
2115 4641 2420 4720 expiesset
2459 4659 2718 4714 versum,
