3067 4959
1135 332 1779 418 TERENTIAM.
2600 361 2783 427 lxxiii

705 510 896 624 ‘Volui83⁰
916 510 1020 575 quin
1041 518 1094 623 {u
1114 512 1163 559 in
1177 508 1232 561 εἰ
1253 512 1362 559 mihi
1383 510 1524 561 fueris
1544 510 1835 569 adversatrix,

867 592 872 595 ·
897 586 1036 625 strata

395 638 790 700 Locutionem
833 659 1069 719 quoque
1108 658 1228 697 non
1269 638 1478 699 leviter
1504 651 1889 719 pertranseas.
1970 636 2081 697 Ille
2108 636 2261 696 enim
2290 638 2453 711 dicit,
2481 642 2775 705 nullamne

319 736 450 779 rem
479 718 636 776 volui
654 717 684 774 Ρ
721 718 858 777 sane
886 718 1202 777 tolerabilis
1227 737 1442 787 sermo,
1465 737 1599 777 curn
1628 718 1807 775 verbo
1834 715 1969 785 hoc,
1997 714 2139 777 voh.
2194 716 2350 777 Nam
2376 720 2615 797 negatio
2642 744 2773 801 que

312 809 410 857 est
435 797 496 854 in
527 796 775 867 nomine,
802 796 860 855 in
889 798 1131 857 verbum
1173 796 1398 865 transit,
1429 808 1491 855 et
1530 792 1618 865 fit,
1646 794 1823 855 ullam
1852 814 1971 855 rem
2002 794 2181 855 nolui.
2263 796 2397 854 Non
2425 798 2609 874 possis
2636 803 2773 861 vero

314 874 522 933 dicere
549 894 680 933 cum
706 876 888 932 verbo
913 875 1294 944 substantivo,
1316 874 1555 934 nullane
1578 893 1671 932 res
1695 874 1824 932 est?
1853 891 2103 951 quonam
2126 872 2301 934 modo
2322 893 2575 955 namque
2594 891 2771 953 esset,

313 952 368 1011 si
393 970 516 1011 non
543 951 670 1011 est?
711 972 904 1029 neque
929 951 1132 1011 melius
1201 953 1428 1011 rocedit
1452 951 1553 1010 ille
1580 970 1659 1011 ex
1684 952 1909 1020 eadem,
1938 968 2112 1029 quem
2134 970 2241 1009 nos
2267 951 2390 1022 sic;

394 1094 470 1153 Iu
547 1080 580 1107 Ἀ
705 1030 949 1087 Sustulisti.
973 1033 1038 1079 sic
1057 1040 1129 1079 est
1219 1038 1342 1079 mm:
1382 1030 1577 1086 domina,
1600 1046 1713 1094 ergo
1732 1031 1871 1077 herus
1892 1030 2057 1077 damno
2078 1038 2237 1077 auctus
2256 1036 2339 1079 est.

473 1112 508 1153 e
531 1113 617 1153 stc
637 1116 654 1150 ε

697 1172 952 1231 Sustulisti,
972 1173 1038 1219 sic
1059 1180 1128 1220 est
1145 1171 1329 1228 factum,
1351 1172 1536 1228 domin’‚
1560 1187 1673 1235 ergo
1693 1172 1831 1219 herus
1850 1172 2016 1219 damno
2037 1176 2197 1218 auctus
2218 1177 2303 1218 est.

390 1237 480 1294 At
505 1236 624 1295 duo
648 1248 808 1307 sunt,
838 1256 972 1315 quae
997 1236 1334 1295 dissuadent
1359 1256 1488 1295 esse
1513 1235 1933 1312 recipiendum.
1990 1234 2249 1293 Primum
2278 1252 2498 1304 versuS,
2520 1235 2621 1314 qui
2643 1248 2765 1297 tro-

309 1313 552 1373 chaicus
577 1314 688 1373 sit:
733 1333 916 1393 quare
955 1314 1016 1371 in
1059 1315 1264 1393 quinto
1303 1316 1456 1391 pede
1497 1314 1754 1373 iambum
1795 1313 2037 1371 statuit:
2080 1331 2187 1370 nos
2226 1326 2603 1390 anapaestum.
2684 1316 2767 1376 Et

309 1392 506 1451 minus
530 1392 714 1451 simile
742 1392 862 1451 veri
902 1392 1036 1461 fuit,
1080 1392 1239 1451 domi
1279 1392 1613 1460 educatam,
1654 1402 1835 1469 atque
1876 1391 2079 1448 herum
2123 1390 2391 1449 latuisse:
2436 1403 2564 1450 erat
2608 1394 2765 1453 enim

303 1470 546 1529 modica
569 1471 797 1542 domus,
824 1490 958 1549 quae
983 1470 1073 1528 vel
1116 1471 1288 1529 coenfi
1319 1469 1631 1529 Bacchidis
1658 1481 2059 1547 premet-etun
2102 1487 2283 1547 quare
2322 1470 2523 1548 inepta
2559 1470 2765 1531 fuisset

309 1546 708 1626 interrogatio.
793 1550 1006 1627 Neque
1031 1549 1238 1608 fnisset
1265 1561 1474 1607 auctus
1501 1546 1736 1617 damno,
1781 1548 2055 1624 quoniam
2082 1547 2239 1606 domi
2268 1548 2573 1607 educasset
2598 1566 2613 1606 t
2654 1550 2763 1608 sed

307 1626 584 1705 quoniam
610 1626 812 1693 filiam,
835 1626 936 1685 cui
962 1626 1070 1685 dos
1097 1626 1354 1705 paranda
1375 1637 1549 1684 esset.
1631 1624 1841 1702 Itaque
1870 1644 1985 1683 non
2012 1625 2157 1683 foris
2182 1624 2548 1685 educandum
2576 1624 2761 1699 dedit,

307 1704 410 1762 sed
452 1704 885 1782 exponendam.
967 1704 1263 1763 Praeterea
1289 1702 1420 1782 plus
1460 1702 1740 1781 impendii
1778 1715 1868 1762 est
1908 1705 1957 1763 si
2002 1702 2147 1762 foris
2190 1700 2519 1762 educantur
2570 1704 2759 1776 liberi,

309 1782 482 1859 quam
527 1784 590 1855 si,
625 1782 804 1841 domi.
887 1782 1008 1843 Sed
1053 1794 1118 1841 et
1159 1783 1260 1841 ille
1303 1782 1366 1840 in
1413 1780 1726 1853 Eunucho,
1780 1792 1909 1841 toto
1936 1782 2115 1840 verbo
2142 1781 2373 1858 longior
2400 1793 2509 1853 est,
2538 1792 2759 1843 temere

307 1878 374 1919 re
417 1860 595 1919 etito:
1922 1902 1927 1907 .

373 1879 416 1938 P
697 1936 842 1999 quue
861 1935 973 1986 adeo
994 1938 1162 1987 visam:
1199 1939 1340 1985 visam
1361 1940 1398 1986 si
1421 1937 1617 1993 domi'st.
1639 1938 1741 1999 quis
1754 1950 1861 1984 nam
1880 1938 1987 1985 hinc
2004 1936 2034 1987 ὲ
2052 1936 2227 1986 'I'haide
2246 1934 2375 1983 exit?

345 2065 354 2071 ,
397 2000 517 2058 Sed
541 2001 761 2078 ubique
786 2003 1052 2061 videatur
1078 2021 1195 2060 non
1232 2002 1449 2071 minimi
1468 2000 1681 2079 Judicii
1720 2001 1851 2079 quis
1894 2002 2007 2061 iam
2045 1999 2331 2079 neglectis
2370 1997 2623 2058 numeris
2673 2000 2760 2061 le-

311 2094 524 2156 porem
559 2080 834 2157 quaesisse
863 2078 1172 2137 orationis:
1213 2079 1365 2138 sicut
1387 2080 1450 2138 in
1477 2080 1683 2157 eadem
1710 2078 1809 2138 fab
1874 2080 1941 2136 a:

700 2156 829 2203 Nihil
849 2165 1013 2219 preter
1031 2157 1311 2220 promissim-
1554 2186 1559 2192 ⁴

393 2220 482 2277 At
507 2239 614 2279 nos
636 2220 974 2297 legebamus
994 2244 1011 2279 ε
1195 2262 1200 2267 -

691 2298 821 2347 Nihil
839 2301 1206 2363 pretermissum.

391 2360 607 2421 Verum
636 2363 736 2423 hic
759 2364 992 2442 argutia
1029 2365 1206 2423 etiam
1245 2362 1703 2424 dimensionibus
1728 2382 1898 2429 suum
1925 2361 2161 2443 reliquit
2189 2360 2409 2431 locum,
2434 2361 2482 2421 si
2510 2362 2659 2423 nihil
2677 2362 2756 2425 sit

301 2442 788 2520 monosyllabum,
838 2443 996 2521 quod
1037 2442 1572 2522 frequentissimum
1617 2454 1727 2501 est.
1808 2441 1955 2501 Vult
1994 2442 2211 2511 dicere,
2255 2440 2581 2500 Phaedriam
2607 2441 2751 2501 nihil

303 2532 710 2598 praestaturum
733 2539 955 2592 eorum,
1027 2540 1118 2580 uae
1145 2521 1312 2581 militi
1336 2521 1781 2600 pollicebantur,
1806 2539 1996 2599 neque
2018 2520 2328 2599 quicquam
2356 2519 2519 2579 illum
2540 2532 2752 2597 proeter

303 2600 648 2677 promissum
667 2599 943 2659 laturum.
981 2540 1101 2658 {ed
1122 2598 1181 2657 in
1199 2600 1406 2658 eadem
1429 2599 1595 2677 lepor
1604 2616 1839 2678 quoque
1848 2598 2223 2657 nitidissimus
2239 2609 2347 2667 est,
2370 2597 2438 2657 iis
2449 2599 2707 2657 versibus
2734 2619 2752 2657 ε

686 2677 822 2725 Illum
843 2679 986 2739 liquet
1003 2678 1114 2725 mihi
1136 2680 1336 2743 deierare
1355 2678 1585 2725 mensibus

687 2742 780 2789 Sex
800 2754 972 2805 septem
994 2758 1178 2807 prorsus
1201 2758 1294 2791 non
1318 2742 1483 2791 vidisse
1497 2740 1729 2805 proximis.

335 2866 342 2874 ,
379 2804 586 2865 Nostri
622 2806 858 2883 vulgate
901 2806 1069 2864 nimis
1108 2807 1406 2883 legebant,
1448 2824 1556 2865 sex
1584 2804 1675 2865 vel
1714 2814 1958 2883 septem.
2041 2804 2332 2865 Caeterum
2359 2813 2419 2862 et
2447 2800 2482 2859 ὲ
2508 2821 2752 2863 numero

301 2880 639 2943 excluditur
666 2884 1024 2977 coniunctio,
1055 2895 1115 2942 et
1143 2883 1474 2945 &sermonis
1493 2884 1785 2960 puritate=
1816 2882 1988 2942 sicuti
2015 2882 2150 2941 cum
2173 2883 2439 2948 dicimus,
2464 2881 2751 2958 quinqua-

301 2962 469 3050 ginta
493 2961 630 3039 plus
656 2960 846 3020 minus
869 2980 1054 3020 annos
1077 2972 1250 3019 natus
1276 2981 1424 3020 sum.
1477 2960 1637 3019 Illud
1664 2980 1897 3039 quoque
1923 2959 2172 3038 lepidius
2199 2959 2429 3018 videtur
2455 2956 2515 3015 iu
2546 2958 2749 3016 Heau-

309 3050 810 3096 tontimorumeno
830 3059 844 3093 :
1566 3068 1571 3073 ·

698 3112 928 3162 Confitere
947 3114 1031 3162 tu?
1064 3131 1120 3163 au
1143 3118 1338 3172 obsecro,
1360 3116 1506 3165 isthuc
1525 3116 1719 3164 inimicis
1742 3115 1851 3163 sieta

317 3176 515 3244 Quam
558 3175 718 3255 quod
745 3178 799 3235 le
843 3178 957 3237 itur
982 3179 1055 3236 ab
1084 3178 1326 3238 Erasmo
1353 3192 1412 3239 et
1440 3180 1565 3239 aliis
1590 3202 1606 3237 ε

699 3252 771 3304 Co
836 3266 929 3303 tere
948 3263 1074 3303 tuum
1097 3272 1188 3304 non
1209 3258 1342 3305 esse?
1373 3261 1429 3307 ab
1452 3261 1639 3306 obsecro
1660 3264 1719 3313 te,
1742 3258 1889 3305 isthuc
1910 3254 2103 3309 inimicis
2122 3254 2221 3302 siet.

311 3342 322 3351 ·
387 3317 766 3411 Splendidior
791 3331 882 3379 est
922 3321 1106 3379 oratio
1146 3323 1394 3399 repetita
1419 3323 1739 3400 negatione
1764 3340 1957 3389 sensu,
1987 3337 2105 3376 non
2132 3314 2365 3376 verbis=
2408 3326 2469 3375 et
2507 3332 2751 3375 necesse

297 3410 388 3459 est
428 3410 510 3457 ita
551 3396 692 3477 legi,
735 3398 1006 3476 quoniam
1047 3400 1448 3477 praecedentes
1475 3418 1675 3459 versus
1714 3400 1810 3458 hic
1836 3397 2183 3457 concinnat:
2230 3412 2377 3474 quos
2404 3412 2604 3456 versus
2630 3404 2752 3455 tam

304 3476 584 3547 Bembus,
614 3476 788 3554 quam
815 3476 1090 3536 Erasmus
1119 3479 1271 3537 male
1298 3478 1575 3557 disponit.
1659 3478 1917 3536 Bembus
1944 3476 2064 3533 sict

684 3555 922 3605 Subditum
943 3570 995 3605 se
1011 3559 1276 3621 suspicatur.
1297 3558 1522 3605 subditum
1538 3556 1561 3603 ἰ’
1594 3556 1683 3605 ain’
1706 3563 1759 3603 tu
1777 3553 1915 3603 certe.
1941 3555 2007 3602 sic
2019 3554 2117 3611 erit,
2138 3552 2203 3599 mi
2224 3551 2309 3601 vir·

376 3619 658 3679 Erasmus
683 3618 769 3677 sic
789 3640 808 3677 ε

685 3697 924 3746 Subditum
947 3712 997 3749 se
1017 3698 1283 3761 suspicatur.
1305 3698 1530 3747 subditum
1545 3697 1571 3744 ἲ
1602 3698 1691 3746 ιὶιι·
1714 3696 1801 3745 tu?
1832 3694 1953 3745 certe
1974 3698 2157 3757 inquam
2172 3695 2237 3743 mi
2256 3693 2343 3743 vir·

377 3759 599 3819 Verum
623 3772 874 3840 uterque
899 3762 1130 3840 longior
1171 3773 1281 3831 est,
1306 3762 1681 3821 Erasmianus
1703 3762 1820 3820 una
1858 3760 2118 3837 syllaba:
2150 3758 2299 3818 alter
2341 3765 2537 3816 autem
2576 3754 2753 3814 etiam

299 3854 382 3897 cx
419 3838 699 3916 pluribus,
727 3858 910 3917 quare
935 3840 1020 3899 ita
1044 3839 1278 3917 legendi
1306 3851 1462 3907 sunt,
1495 3849 1562 3898 ut
1588 3839 1705 3897 sint
1732 3837 2013 3897 trochaici
2043 3833 2331 3903 octonarii
2358 3831 2727 3893 catalectici:

686 3918 922 3967 Subditum
945 3934 996 3967 se
1015 3920 1282 3983 suspicatur.
1303 3916 1566 3967 subditum?
1599 3915 1689 3965 ain’
1713 3924 1763 3964 tu
1776 3916 1799 3963 ’ἒ
1832 3914 1955 3965 certe
1977 3918 2159 3983 inquam

313 4009 324 4041 g
685 3981 758 4029 Mi
781 3983 866 4032 vit.
885 3984 1102 4037 confitere
1123 3981 1208 4031 tu?
1241 3998 1300 4028 au
1321 3984 1520 4037 obsecro,
1545 3982 1691 4027 isthuc
1714 3980 1903 4028 inimicis
1927 3982 2023 4027 siet.

387 4040 491 4102 Sic
538 4042 708 4102 etiam
754 4066 830 4105 ex
881 4048 1193 4125 Adelphis,
1236 4045 1350 4104 illis
1391 4044 1623 4103 duobus
1667 4044 1966 4114 versibus3
2020 4053 2232 4101 neuter
2280 4049 2373 4100 est
2415 4034 2759 4097 audiendus.

297 4118 518 4195 Bembi
548 4120 732 4179 codex
763 4124 886 4183 sic:

693 4198 904 4259 Obsecro,
925 4218 1026 4251 men
1047 4204 1215 4257 nutfix,
1239 4202 1345 4263 quid
1364 4216 1487 4249 nunc
1507 4200 1587 4248 flet
1602 4199 1627 4246 ἰ’
1660 4196 1830 4262 rogas?
1876 4214 1883 4219 ·

692 4261 842 4312 Recte
863 4268 1038 4331 aedepol
1059 4282 1207 4331 spero,
1231 4264 1368 4314 modd
1389 4266 1569 4313 dolores
1588 4278 1691 4312 mea
1711 4275 1763 4311 tu
1784 4261 2011 4325 occipiunt
2031 4258 2293 4322 primulum.

382 4326 668 4385 Erasmus
695 4326 818 4385 sic:

689 4403 1700 4471 Obpcmmtunmqtndnmcfia?
1734 4400 2131 4467 quidfistrogas?
2165 4398 2301 4449 recte.
2488 4462 2501 4476 .
2560 4459 2574 4475 ⁸

371 4485 540 4566 Ergo
570 4484 852 4546 Erasmus
881 4488 1026 4547 male
1053 4490 1314 4548 collocat
1338 4485 1679 4547 adverbium
1708 4485 1890 4545 recte.-
1924 4482 2182 4542 Bembus
2214 4477 2359 4535 male
2390 4471 2604 4552 omittit
2625 4484 2763 4559 pro-

289 4584 505 4625 nomen
547 4574 648 4624 tut
693 4578 758 4626 ut
799 4566 915 4626 sint
946 4566 1181 4626 iambici
1209 4565 1497 4647 quadrati.
1582 4564 1732 4621 Haec
1759 4562 1995 4641 quidem
2022 4557 2327 4615 ’manifesta
2354 4550 2547 4607 lectio,
2578 4556 2639 4603 at
2668 4549 2767 4639 illa

291 4644 587 4729 ambigua,
629 4656 770 4707 utra
795 4641 1040 4726 probior
1065 4644 1143 4705 sit
1159 4645 1190 4702 :³
1272 4644 1346 4703 ln
1387 4640 2069 4704 Heautontimorumeno
2112 4642 2279 4689 vetus
2327 4617 2631 4697 exemplar
2674 4644 2765 4685 sic

329 4720 467 4782 abet
487 4742 506 4781 ε
