3067 4959
1189 293 1837 370 TERENTIANA.
2564 297 2809 364 lxxxvii

331 470 449 526 tur,
481 477 596 517 nec
623 456 682 514 in
701 453 954 514 rusticos
973 453 1124 514 aded
1145 453 1420 514 saevirent
1433 453 1645 513 divites
1664 477 1681 521 ς
1708 453 2009 530 cognitum
2034 451 2149 512 fuit
2174 453 2227 512 id
2252 454 2471 516 civitati
2495 457 2637 516 utile
2653 467 2799 530 esse,

415 537 496 596 od
525 553 598 594 ea
623 531 998 612 exprobratio
1023 541 1181 591 esset
1205 533 1388 591 veluti
1417 533 1711 610 quoddam
1740 531 2023 590 malorum
2052 533 2395 592 remedium.
2464 535 2599 595 Hac
2626 535 2805 614 igitur

331 557 416 674 32
443 615 622 672 causa
649 611 938 690 principes
967 611 1126 669 urbis
1152 629 1224 668 ea
1239 615 1543 686 jusserunt
1563 611 1621 669 in
1644 611 1935 668 theatrum
1960 609 2195 678 deferri,
2211 629 2343 689 quae
2365 612 2422 670 in
2448 614 2629 672 malos
2645 615 2805 674 cives

331 705 522 752 noctu
536 691 928 770 jactabantur,
941 689 1101 767 quod
1115 689 1392 748 videlicet
1410 708 1482 748 ea
1499 708 1593 748 res
1604 689 1821 747 civitati
1840 688 2007 747 simul
2034 700 2092 749 et
2115 688 2376 765 placeret
2394 703 2450 750 et
2474 693 2806 768 prodesset3

318 782 796 849 manseruntque,
829 783 896 826 ut
921 767 1021 846 qui
1047 766 1284 844 ingenio
1313 777 1676 845 praestarent,
1706 767 1781 824 de
1809 767 2139 844 hujusmodi
2168 769 2343 826 rebus
2364 770 2621 828 carmina
2643 771 2804 830 face-

333 861 494 918 rent,
523 867 708 927 eaque
737 847 972 925 publice
1000 845 1058 902 in
1087 845 1318 904 theatro
1349 845 1685 913 recitarent,
1716 845 1892 923 idque
1932 845 2115 906 libere
2142 857 2201 903 et
2243 845 2517 923 impunez
2560 847 2697 927 quin
2741 859 2803 910 et

337 926 582 1006 praemia
605 926 827 986 addita.
907 924 1226 1002 Propterea
1252 937 1450 982 autem
1479 923 1643 1001 quod
1674 923 1729 980 in
1760 937 1940 982 noctu
1968 925 2065 1002 agi
2090 935 2353 1002 coeptum
2376 935 2549 994 esset,
2578 923 2687 984 ἀπὸ
2706 933 2815 985 τοῦ·

335 1005 618 1082 χώματος,
647 1005 762 1064 hoc
791 1014 902 1071 est,
931 1003 968 1058 εὶ
1003 1021 1226 1069 somno,
1270 1003 1621 1060 comoediam
1670 1002 1889 1060 dictam
1928 1003 2189 1067 ‚voluere-
2295 1002 2474 1061 Primi
2518 1004 2655 1062 vero
2700 1006 2803 1083 qui

331 1083 671 1160 huiusmodi
697 1082 956 1142 carmina
975 1080 1265 1146 fecerunt,
1297 1080 1476 1138 fuisse
1503 1080 1782 1138 dicuntur
1812 1081 2113 1148 Susarion,
2139 1081 2409 1151 Rhullus,
2437 1094 2497 1141 et
2526 1082 2800 1160 Magnes.

315 1163 518 1240 ..apud
573 1161 820 1220 Latinos
867 1159 1090 1239 primus
1137 1159 1486 1218 comoediam
1533 1158 1769 1236 scripsit
1814 1158 2018 1219 Livius
2064 1159 2478 1229 Andronicus3
2532 1161 2803 1240 dixitque

330 1241 678 1302 comoediam
707 1259 838 1298 esse
864 1236 1222 1316 quotidianae
1252 1237 1386 1296 vitae
1409 1236 1733 1314 speculum.
1815 1237 2009 1302 Quem
2035 1237 2293 1300 imitatus
2322 1237 2555 1304 Cicero,
2593 1260 2679 1298 sic
2718 1240 2802 1300 ait

319 1319 392 1386 ,in
419 1319 682 1379 oratione
708 1337 818 1397 pro
851 1315 1074 1378 Roscio
1097 1315 1414 1374 Amerino:
1469 1316 1546 1373 Et
1564 1315 1725 1374 certe
1752 1315 1829 1374 ad
1848 1335 1971 1375 rem
1992 1317 2135 1374 nihil
2154 1316 2401 1386 intersit,
2430 1316 2620 1377 utrum
2641 1319 2800 1378 hunc

333 1417 450 1475 ego
477 1396 766 1456 comicum
791 1395 1254 1460 adolescentem,
1282 1412 1356 1452 an
1385 1395 1637 1472 aliquem
1662 1413 1739 1451 ex
1762 1412 1905 1470 agro
1928 1395 2173 1455 Veiente
2196 1395 2505 1456 nominem.
2562 1397 2799 1456 Etenim

331 1475 464 1534 hoec
490 1475 743 1534 conficta
767 1474 1018 1534 arbitror
1047 1472 1084 1530 a
1111 1473 1303 1550 po'e'tis
1329 1491 1477 1541 esse,
1508 1484 1575 1532 ut
1601 1471 1823 1531 effictos
1850 1487 2081 1532 nostros
2106 1493 2297 1532 mores
2322 1473 2382 1532 in
2424 1475 2627 1534 alienis
2666 1495 2801 1550 per-

269 1565 275 1572 ‘
317 1554 512 1624 sonis,
539 1571 994 1632 expressamque
1023 1551 1336 1628 imaginem
1380 1562 1633 1609 nostram
1665 1551 1796 1609 vitae
1822 1551 2177 1628 quotidianas
2206 1552 2551 1613 videremus.
2636 1553 2799 1614 Hac-

329 1644 502 1692 tenus
521 1632 756 1695 Cicero.
794 1631 1088 1698 Quoniam
1107 1641 1306 1688 autem
1329 1629 1406 1687 de
1421 1629 1714 1688 comoedia
1733 1641 1793 1688 et
1812 1629 2095 1690 fusissime
2110 1630 2360 1710 scripsit,
2380 1644 2441 1691 et
2460 1630 2797 1692 doctissime

331 1711 656 1770 Diomedes
677 1709 1112 1788 grammaticus,
1141 1707 1328 1766 visum
1351 1719 1444 1766 est
1464 1712 1590 1782 ejus
1609 1709 1785 1766 verba
1812 1709 1911 1766 hic
1934 1720 2221 1768 attexere.
2263 1710 2588 1779 Comoedis,
2608 1709 2799 1788 inquit

333 1789 658 1848 Diomedes
677 1789 826 1846 libro
843 1788 1040 1856 tertio,
1063 1798 1154 1846 est
1173 1785 1414 1865 privatae
1434 1785 1737 1864 civilisque
1759 1786 2027 1854 fortunae,
2048 1787 2173 1846 sine
2190 1785 2455 1865 periculo
2470 1787 2624 1856 vitae‚
2636 1807 2799 1846 cotn-

322 1866 682 1944 .prehensio:
725 1867 884 1944 apud
913 1867 1160 1926 Graecos
1199 1863 1282 1922 ita
1309 1863 1568 1932 definita,
1614 1864 1899 1942 Κωμῳδῖα
1916 1865 2059 1924 ἐστὶν
2088 1864 2369 1924 ἰδιωτικῶν
2388 1865 2478 1927 καὶ
2500 1866 2797 1924 πολιτικῶν

333 1943 690 2025 πραγμάτων
721 1939 994 2012 ἀκίνδυνος
1019 1941 1274 2022 περιοχή.
1327 1943 1639 2002 Comoedia
1664 1943 1825 2002 dicta
1848 1939 1955 2002 ἀπὸ
1980 1963 2091 2000 των
2120 1943 2340 2020 κωμῶν.
2422 1943 2625 2020 Κῶμαι
2642 1945 2798 2006 enim

323 2021 712 2100 appellantur
739 2021 894 2099 pagi,
924 2022 984 2080 id
1020 2033 1129 2091 est,
1158 2021 1567 2080 conventicula
1610 2021 1981 2082 rusticorum.
2064 2021 2215 2080 Nam
2247 2026 2527 2098 juventus
2574 2019 2677 2098 (ut
2716 2022 2801 2082 ait

325 2101 566 2176 Varro)
597 2099 822 2169 Attica,
849 2098 1072 2158 circum
1099 2098 1256 2158 vicos
1285 2100 1366 2160 ire
1391 2101 1567 2160 solita
1593 2099 1725 2168 fuit,
1754 2110 1817 2158 et
1844 2099 2099 2179 quaestiis
2124 2099 2213 2160 sui
2242 2102 2422 2161 causa
2456 2100 2581 2162 hoc.
2609 2119 2799 2178 genus

335 2178 614 2238 carminis
639 2178 1082 2256 pronunciabat.
1163 2181 1290 2238 Aut
1313 2180 1476 2238 certe
1505 2178 1543 2238 a
1564 2177 1741 2246 vicis,
1766 2198 1897 2240 nam
1920 2190 2300 2270 posteaquam
2326 2198 2405 2238 ex
2428 2179 2583 2256 agris
2606 2179 2797 2238 Athe-

333 2277 442 2317 nas
463 2257 906 2335 commigratum
933 2269 1043 2325 cst,
1067 2267 1128 2316 et.
1151 2257 1214 2314 hi
1240 2257 1364 2315 ludi
1385 2256 1693 2316 constituti
1708 2269 1865 2328 sunt,
1888 2272 2041 2318 sicut
2067 2258 2271 2318 Romae
2294 2256 2695 2336 Compitalitii,
2718 2257 2797 2318 ad

331 2337 662 2396 canendum
692 2336 1024 2413 prodibant,
1052 2347 1111 2394 et
1137 2337 1214 2398 ab
1252 2337 1476 2394 urbana
1503 2355 1673 2394 come
1700 2345 1761 2394 et
1788 2335 1903 2395 oda
1928 2336 2222 2409 comcedia
2246 2337 2407 2396 dicta
2434 2349 2524 2396 est
2552 2332 2653 2395 ἀπὸ
2681 2336 2795 2394 τῶν

330 2416 557 2492 κωμῶν,
578 2413 640 2472 id
659 2425 770 2482 est,
790 2413 1016 2484 viculis,
1037 2414 1195 2492 quod
1213 2417 1285 2473 ea
1302 2413 1607 2472 humilium
1630 2414 1909 2474 domuum
1931 2415 2183 2474 fortunae
2202 2415 2795 2494 comprehendantur,

325 2513 446 2552 non
479 2497 575 2568 (ut
597 2493 658 2552 in
679 2493 989 2571 tragoedis)
1007 2493 1374 2570 publicarum
1399 2493 1827 2572 regiarumque.
1870 2494 1980 2552 Vel
2003 2490 2111 2554 ἀπὸ
2128 2494 2230 2552 τοῦ
2252 2493 2459 2572 κώμου,
2478 2494 2539 2552 id
2560 2505 2670 2564 est,
2694 2511 2796 2554 co-

317 2572 698 2640 messatione,
727 2570 890 2650 quod
917 2567 1056 2630 clini
1084 2571 1144 2628 in
1171 2570 1508 2646 huiusmodi
1533 2571 1747 2630 fabulis
1774 2572 2093 2632 amantium
2128 2576 2409 2650 Juvenum
2438 2573 2612 2651 κῶμοι
2654 2591 2793 2650 age-

323 2651 562 2712 bantur.
629 2649 938 2712 Comoedia
955 2651 992 2718 a
1009 2649 1300 2727 tragoedia
1325 2647 1536 2718 differt,
1561 2650 1715 2728 quod
1738 2648 1795 2708 in
1813 2650 2569 2728 tragoediaintroducuntur
2588 2651 2797 2724 duces,

329 2727 555 2800 heroes,
584 2749 790 2807 reges;
831 2729 888 2786 in
919 2728 1214 2788 comoedia
1241 2727 1490 2789 humiles
1516 2740 1697 2805 atque
1726 2729 1967 2806 privatae
1992 2748 2274 2806 personae.
2356 2729 2425 2787 ln
2455 2729 2552 2787 ina
2576 2729 2793 2799 luctus,

329 2807 526 2874 exilia,
553 2809 784 2876 caedes3
825 2807 884 2864 in
913 2807 1024 2864 hac
1053 2825 1304 2877 amores,
1335 2805 1625 2884 virginum
1662 2819 1883 2884 raptus.
1983 2807 2218 2868 Deinde
2246 2807 2401 2884 qued
2442 2809 2501 2865 in
2541 2805 2641 2866 illa
2678 2805 2797 2868 fre·

323 2898 581 2964 ‚quenter
608 2899 668 2944 et
695 2885 846 2963 pene
871 2903 1104 2964 semper
1131 2884 1280 2948 laetis
1309 2885 1484 2945 rebus
1512 2885 1709 2948 exitus
1736 2887 1951 2952 tristes,
1972 2899 2035 2944 et
2062 2886 2375 2944 liberorum
2396 2885 2792 2944 fortunarum-

375 2983 452 3020 ue
469 2964 728 3040 priorum
751 2965 808 3020 in
831 2966 999 3041 pejus
1015 2962 1238 3040 agnitio
1256 2987 1271 3029 ς
1301 2964 1358 3020 in
1377 2965 1486 3023 hac
1507 2963 1767 3022 tristibus
1788 2962 2009 3022 laetiora
2024 2963 2371 3022 succedunt.
2416 2965 2616 3027 Quare
2637 2962 2795 3020 varia

335 3091 338 3095 .
377 3039 678 3098 efinitione
695 3041 962 3099 discretoe
980 3055 1134 3100 sunt.
1192 3043 1402 3101 Altera
1421 3043 1575 3100 enim
1600 3042 1779 3102 δεινῶν
1798 3038 2050 3119 περιοχὴ,
2072 3040 2257 3099 altera
2274 3037 2339 3096 τό
2410 3061 2455 3114 ,ς
2473 3039 2793 3128 orestem-was

325 3116 500 3186 ,dicta
524 3129 682 3176 sunt.
761 3117 1028 3176 Tristitia
1051 3137 1298 3196 namque
1319 3121 1623 3198 tragoediae
1650 3121 1967 3198 proprium.
2051 3118 2315 3196 Ideoque
2401 3115 2674 3193 uripides‚
2693 3136 2796 3194 pe-

333 3207 504 3256 tente
528 3195 834 3255 Archelao
861 3215 1018 3274 rege,
1053 3209 1116 3255 ut
1141 3197 1216 3256 de
1242 3217 1306 3256 se
1335 3199 1683 3276 tragoediam
1712 3199 2015 3268 scriberet,
2044 3195 2269 3264 abnuit,
2291 3215 2361 3254 ac
2389 3205 2665 3274 precatus
2683 3205 2793 3266 est,

326 3293 408 3335 ne
424 3275 726 3334 accideret
747 3274 1048 3334 Archelao
1067 3275 1284 3354 aliquid
1307 3277 1611 3354 tragoediae
1630 3277 1925 3355 proprium
1950 3297 1965 3335 ι
1994 3274 2309 3334 ostendens
2330 3273 2469 3332 nihil
2488 3271 2645 3331 aliud
2668 3292 2797 3335 esse

329 3353 697 3432 tragoediam,
729 3354 904 3433 quam
935 3353 1291 3412 miseriarum
1321 3355 1923 3434 comprehensionem.
2004 3355 2207 3413 Poetae
2241 3353 2408 3433 primi
2437 3351 2647 3411 comici
2672 3351 2800 3412 fue·

329 3444 484 3502 runt,
509 3432 813 3504 Susarion,
837 3433 1110 3500 Rhullus,
1131 3445 1192 3494 et
1216 3433 1489 3510 Magnes.
1553 3433 1631 3491 Hi
1650 3433 1862 3492 veteris
1879 3430 2199 3510 disciplinae
2218 3430 2508 3510 jocularia
2528 3432 2795 3510 quaedam

324 3512 518 3572 minas
541 3511 692 3572 scite
719 3525 782 3572 et
809 3512 1056 3572 venuste
1085 3513 1592 3590 pronunciabant:
1636 3511 1693 3569 in
1722 3511 1935 3591 quibus
1962 3511 2033 3587 hi,
2052 3529 2249 3570 versus
2274 3511 2551 3570 fuerunt:

848 3605 1054 3656 ’nabun
1075 3607 1207 3666 λὲξυ.
1271 3613 1418 3656 ‘ovea
1445 3604 1518 3654 e'ur
1538 3605 1653 3666 λίξμ
1672 3604 1794 3654 τάδε.

847 3671 993 3719 Καὶ,
1015 3674 1235 3734 γυναῖκα,
1259 3670 1378 3718 ἀλλ’
1400 3690 1531 3732 opens,
1550 3669 1591 3718 ὅ
1608 3669 1813 3730 'spissa

844 3737 942 3784 Οὔκ
962 3737 1078 3784 &teir
1098 3736 1225 3783 elur»
1246 3733 1385 3782 oe'm‘aev
1407 3735 1506 3784 ἅνω
1529 3735 1687 3782 κακοῦ.

415 3815 685 3875 Secunda
709 3829 887 3876 etate
915 3815 1154 3875 fuerunt
1185 3816 1635 3894 Aristophanes,
1668 3815 1933 3893 Eupolis,
1964 3825 2025 3874 et
2053 3813 2363 3884 Cratinum
2404 3813 2505 3894 qui
2542 3825 2604 3873 et
2645 3812 2800 3892 prin·

332 3891 532 3968 cipum
559 3895 695 3953 vitia
731 3895 1024 3964 insectati,
1067 3893 1468 3954 acerbissimas
1499 3894 1817 3953 comoedias
1844 3904 2319 3970 composuerunt·
2418 3893 2624 3952 Tertia
2660 3903 2803 3953 εἰει

329 3969 448 4028 fuit
479 3971 785 4030 Menandri
814 3985 876 4032 et
909 3973 1286 4040 Philemonis,
1317 3972 1418 4050 qui
1456 3993 1687 4030 omnem
1730 3973 2111 4032 acerbitatem
2154 3971 2460 4030 comoedioe
2502 3971 2801 4048 mitigave-

333 4059 494 4116 runt,
524 4060 698 4126 atque
725 4051 1070 4130 multiplicia
1097 4064 1444 4129 argumenta
1473 4050 1703 4109 Graecis
1738 4050 2079 4108 auctoribus
2118 4049 2306 4108 secuti
2348 4061 2503 4110 sunt.
2585 4052 2685 4108 Ab
2714 4049 2801 4105 his

335 4126 588 4186 Romani
619 4127 850 4186 fabulas
869 4129 1330 4188 transtulerunt:
1361 4141 1421 4186 et
1439 4140 1671 4187 cunstat
1700 4128 1857 4208 apud
1880 4129 2007 4186 illos
2024 4127 2275 4206 primum
2300 4129 2515 4187 Latino
2534 4143 2803 4186 sermone

331 4203 687 4264 comoediam
717 4205 947 4265 Livium
983 4207 1388 4266 Andronicum
1411 4207 1730 4286 scripsisse.
1816 4205 1966 4265 Sunt
1987 4207 2085 4284 qui
2106 4207 2284 4266 velint
2307 4207 2719 4286 Epicharmum
2743 4201 2803 4257 in

329 4283 522 4342 insula
549 4285 638 4343 Co
668 4284 1024 4354 exulantem,
1058 4287 1306 4364 primum
1337 4285 1451 4343 hoc
1481 4305 1715 4344 carmen
1747 4283 2172 4364 frequentasse,
2202 4298 2263 4344 et
2290 4286 2374 4344 sic
2405 4286 2441 4342 εὶ
2462 4285 2571 4347 Cu,
2590 4297 2809 4336 comoe·

329 4361 485 4421 diam
517 4360 655 4419 dici.
745 4363 941 4420 Antea
969 4364 1163 4442 itaque
1193 4363 1425 4442 galeris,
1459 4384 1573 4422 non
1616 4365 1902 4442 personia,
1948 4367 2297 4429 utebantur3
2342 4373 2401 4418 ut
2434 4355 2680 4436 qualitas
2711 4373 2809 4414 co-

326 4439 467 4499 loris
498 4439 779 4498 indicium
813 4441 1032 4501 faceret
1059 4443 1268 4510 oetatis,
1300 4461 1478 4520 quum
1511 4454 1708 4499 essent
1734 4455 1837 4500 aut
1865 4441 2001 4510 albi,
2033 4454 2133 4500 aut
2164 4439 2332 4518 nigri,
2352 4447 2455 4512 aut
2476 4433 2603 4491 rufi.
2666 4433 2810 4494 Per-

328 4519 485 4577 sonis
516 4519 654 4578 vero
687 4520 771 4578 uti
803 4521 1024 4597 primus
1053 4522 1236 4598 coepit
1281 4520 1531 4578 Roscius
1575 4519 1817 4598 Gallus,⁸
1846 4520 2175 4598 praecipuus
2217 4515 2440 4581 histrio,
2484 4511 2581 4590 qui
2625 4513 2811 4572 oculis

330 4597 585 4656 obversis
615 4609 764 4666 erat,
811 4618 924 4658 nec
964 4601 1107 4658 satis
1150 4599 1403 4658 decorus
1451 4597 1508 4655 in
1552 4597 1836 4676 personis,
1880 4598 1987 4654 nisi
2037 4591 2317 4672 parasitos
2366 4583 2810 4665 pronunciabat.

329 4675 505 4740 Initio
535 4677 785 4756 Togatae
815 4677 1126 4736 comoedioe
1155 4677 1527 4746 dicebantur,
1558 4675 1713 4752 quod
1745 4669 1938 4731 omnia
1967 4671 2022 4728 in
2055 4667 2289 4746 publico
2318 4665 2539 4722 honore
2568 4667 2815 4753 confusa

332 4756 759 4816 cernebantur:
803 4775 938 4834 quae
980 4757 1234 4832 Togatae
1271 4765 1482 4832 postca
1521 4753 1581 4810 in
1629 4753 2017 4810 Praetextatus
2061 4755 2123 4802 et
2166 4741 2553 4834 Tabernarias
2592 4741 2814 4799 divide·-

341 4831 572 4882 lmntnr.
657 4833 910 4882 'Pnrmtm
949 4833 1168 4882 subula!
1195 4831 1493 4882 «licuntur.
1525 4849 1658 4882 num
1684 4827 1917 4882 serloloe
1943 4831 2079 4882 flunt
2104 4819 2429 4878 secundum
2455 4830 2601 4875 ritus
2628 4829 2690 4874 et
2714 4815 2817 4870 ha·

3010 4772 3067 4882 Ι
