3067 4959
1035 337 1683 408 TERENTIANA.
2563 345 2691 409 'xcv

163 519 324 568 tror
356 527 374 566 z
418 507 562 566 curn
593 509 654 565 in
681 507 906 567 cretico
927 507 1057 586 plus
1077 509 1360 588 temporis
1379 511 1642 568 absumet
1658 508 2088 586 pronunciatio,
2113 509 2287 588 quam
2310 509 2368 567 in
2391 509 2687 588 spondaeo,

167 587 296 646 cui
334 599 542 646 tamen
571 587 633 643 in
661 586 924 646 iambicis
945 587 1186 646 comicis
1215 598 1276 646 et
1301 588 1544 666 tragicis
1564 589 1729 647 locus
1752 600 1858 646 cst.
1930 588 2014 645 At
2036 600 2172 646 sunt
2194 601 2388 648 tamen
2409 588 2609 647 cretici
2628 588 2687 648 in

165 666 320 724 iuis
351 666 626 724 versibus
653 663 916 744 superius
939 665 1194 744 positis?
1239 669 1451 725 Fateor
1487 666 1547 724 id
1590 667 1862 744 quidem:
1903 665 2009 724 sed
2037 667 2075 724 ii
2106 685 2219 724 non
2258 665 2689 746 pronunciandi

119 807 128 814 ,
171 755 258 802 ut
299 743 546 802 cretici.
627 743 782 809 Quid
801 743 882 802 ita
901 743 930 800 P
961 744 1114 802 Haec
1136 744 1338 824 regula
1368 758 1530 804 certa
1560 765 1687 803 csse
1716 745 1965 813 videtur,
1996 744 2127 803 curn
2149 745 2183 802 ἐι
2205 747 2411 804 natura
2429 745 2691 822 proficis-

171 835 431 882 catur:
479 823 720 900 Syllaba
745 823 934 880 brevis
959 821 1114 882 inter
1141 824 1286 881 duas
1317 825 1519 901 longas
1548 823 1738 901 posita
1764 823 1863 880 vix
1886 823 2151 900 pervenit
2178 824 2251 883 ad
2280 844 2535 883 sensum.
2616 823 2689 881 Id

171 911 419 960 autem
444 899 502 957 ni
534 913 704 969 esset,
735 902 838 979 qui
859 901 1093 960 tandem
1123 901 1402 980 Virgilius
1431 901 1721 980 potuisset
1749 901 1946 978 dicere
1974 903 2159 981 aspris
2188 924 2293 982 pro
2314 903 2553 981 asperis,
2573 903 2689 960 cir-

176 979 332 1038 clos
361 998 476 1058 pro
502 978 763 1048 circulos,
786 980 942 1038 ἀθά)

291 1057 406 1116 De
429 1057 726 1134 tribracby
749 1057 887 1114 nihil
913 1077 1147 1116 necesse
1175 1069 1265 1116 est
1291 1059 1526 1128 dicere;
1567 1055 1703 1116 cum
1728 1079 1833 1137 pes
1856 1059 1953 1120 ille
1973 1072 2207 1140 tempus
2227 1057 2403 1118 iambi
2428 1055 2687 1135 impleat,

183 1146 272 1195 et
309 1135 566 1194 eundem
596 1150 818 1194 motum
849 1137 1083 1195 habeat.
2676 1141 2681 1148 ’

293 1212 894 1285 Proceleusmaticus‚
924 1215 980 1272 id
1001 1227 1110 1284 est,
1131 1215 1249 1273 duo
1270 1212 1612 1292 pyrrhichii,
1636 1235 1739 1273 seu
1759 1228 2010 1294 quatuor
2028 1207 2257 1286 bieveS,
2280 1214 2410 1274 cum
2436 1212 2687 1290 spatium

187 1293 480 1370 apondoei
509 1306 840 1360 consumat,
878 1294 975 1353 cui
1015 1293 1296 1372 spondaeo
1333 1295 1431 1370 jus
1462 1305 1552 1352 est
1590 1293 1830 1353 sedendi
1862 1295 1917 1351 in
1947 1294 2208 1354 iambicis
2252 1305 2311 1353 et
2351 1290 2686 1362 trochaicis,

191 1371 430 1429 mirum
460 1391 586 1430 esse
614 1391 730 1430 non
759 1369 1028 1439 debet‘,si
1057 1373 1216 1450 apud
1247 1372 1504 1430 comicos
1530 1372 1807 1451 frequens
1836 1373 2194 1452 reperiatur-3
2234 1391 2364 1431 nam
2392 1384 2452 1430 et
2482 1370 2538 1428 in
2570 1381 2689 1428 tra-

191 1449 370 1530 gicis
397 1449 819 1508 recentioribus
847 1449 1006 1510 illum
1037 1451 1333 1510 interdum
1365 1451 1640 1530 reperias.

296 1527 372 1587 In
403 1527 590 1586 Andr.

481 1607 553 1655 Ita
572 1607 752 1656 saci-am
777 1609 863 1655 hoc
885 1610 1097 1673 primum,
1121 1609 1208 1674 ᾆσ.

295 1669 446 1749 Pag.
472 1677 530 1733 9.

478 1749 588 1798 Sati·
609 1752 883 1800 veho-mens
904 1767 1040 1799 eausa
1059 1753 1116 1800 ad
1136 1751 1482 1834 objurgandum,
1552 1767 1592 1800 c.

211 1813 356 1872 Nisi
383 1814 542 1874 dicas
569 1835 698 1874 esse
727 1829 1104 1893 anapaestum,
1135 1835 1272 1874 cum
1300 1816 1458 1892 apud
1556 1815 1803 1875 cratium
1831 1814 2027 1894 legas:

305 1957 360 2016 P
479 1891 704 2016 {fimens
727 1903 774 1941 et
793 1895 999 1957 liquidus,
1019 1911 1224 1958 puroque
1245 1895 1497 1942 simillimus
1516 1897 1655 1943 amni.

441 1998 456 2014 .
528 1975 578 2012 e.

359 1975 436 2034 ag
491 2035 620 2082 Num
643 2038 880 2083 immemor
901 2051 950 2082 es
971 2037 1194 2100 di-aeipuli
1207 2037 1232 2082 ’ἑ
1262 2052 1351 2101 ego
1372 2037 1478 2098 quid
1499 2052 1655 2086 narres
1676 2038 1847 2086 nescio.

229 2098 336 2160 Ad
365 2118 540 2179 quem
569 2118 800 2159 versum
829 2111 1032 2158 notant
1057 2099 1288 2179 quidam
1318 2120 1426 2179 pro
1453 2101 1739 2180 discipuli,
1770 2099 2275 2180 pronunciandum
2316 2097 2558 2177 discipli,
2590 2099 2692 2158 tri-

219 2177 534 2254 syllabice,
563 2177 622 2237 id
643 2178 801 2256 quod
824 2191 1013 2235 tamen
1037 2178 1226 2237 minus
1243 2199 1480 2240 necesse
1502 2192 1594 2239 est
1614 2180 1689 2239 ad
1710 2178 2129 2240 dimensionem
2150 2177 2346 2236 versus
2366 2177 2693 2257 depreben-

221 2255 507 2315 dendam.
592 2257 810 2315 Verum
842 2255 1006 2333 plura
1033 2257 1252 2316 addere
1277 2259 1416 2316 nihil
1447 2279 1598 2336 opus
1624 2271 1733 2318 est.

309 2335 492 2392 Nunc
517 2336 673 2416 quod
703 2335 914 2405 dicam,
945 2334 1002 2394 id
1031 2355 1158 2395 esse
1185 2355 1388 2395 verum
1415 2337 1729 2408 videbitur,
1756 2348 1818 2396 et
1845 2355 1959 2394 non
1988 2346 2078 2395 est
2106 2348 2334 2404 tamem
2378 2335 2693 2396 molossum

222 2412 472 2483 scilicet,
500 2414 548 2474 is
575 2435 653 2476 ex
682 2414 866 2474 tribus
893 2415 1080 2496 longis
1109 2426 1360 2486 constat,
1386 2435 1494 2494 pro
1517 2414 1732 2487 iambo,
1756 2415 2052 2496 spondoeo,
2080 2427 2183 2474 aut
2202 2427 2499 2492 anapaesto
2520 2415 2693 2488 sumi,

223 2511 341 2570 pag
483 2571 590 2622 Sive
611 2573 698 2621 ista
723 2588 873 2628 u-xor,
897 2573 994 2622 sive
1011 2573 1158 2622 amica
1178 2581 1264 2630 est,
1286 2573 1474 2636 gravida
1493 2571 1518 2622 ὲ
1544 2573 1780 2638 Pamphilo
1802 2581 1891 2623 est.

307 2635 426 2694 Sed
453 2635 529 2696 ibi
559 2657 818 2696 errorem
847 2656 973 2697 esse
997 2649 1164 2715 puto,
1193 2639 1270 2696 de
1298 2657 1418 2718 quo
1447 2638 1504 2698 in
1535 2639 1806 2708 Notulis3
1846 2656 2041 2717 neque
2068 2637 2219 2695 enim
2250 2635 2389 2694 mihi
2412 2633 2694 2696 credibile

225 2713 350 2782 fiat,
375 2715 708 2786 molossum,
739 2715 842 2795 qui
871 2718 1036 2775 tanto
1078 2717 1310 2796 longior
1335 2728 1396 2776 et
1421 2707 1807 2796 ponderosior
1833 2717 1908 2776 sit
1936 2717 2059 2775 aliis
2092 2715 2357 2795 pedibus,
2388 2713 2483 2774 hic
2511 2715 2546 2770 a
2575 2715 2693 2772 Te-

223 2791 416 2852 rentio
443 2808 785 2874 usurpatum
815 2794 1014 2854 fuisse.
1097 2795 1257 2854 Dein
1285 2809 1484 2874 posset
1513 2797 1687 2856 etiam
1729 2816 1857 2855 esse
1899 2794 2172 2864 creticuS,
2203 2813 2276 2852 ex
2321 2793 2391 2852 efi
2420 2793 2692 2851 observa-

223 2871 386 2931 tione
414 2893 544 2952 quae
569 2873 838 2952 superius
864 2873 1055 2952 posita
1083 2885 1194 2944 est,
1223 2875 1384 2934 circa
1408 2894 1729 2955 pronomen
1760 2875 1885 2945 iste,
1916 2885 1976 2931 et
2001 2871 2118 2943 ille,
2147 2872 2307 2952 quod
2348 2883 2548 2930 tamen
2591 2865 2693 2928 hio

215 2969 429 3010 verum
455 2971 583 3011 esse
609 2971 726 3010 non
754 2966 922 3032 puto.

311 3029 630 3100 Bacchius,
658 3051 762 3088 seu
789 3029 1108 3097 baccheus,
1136 3029 1194 3088 id
1225 3040 1332 3100 est,
1361 3030 1558 3092 brevis
1586 3031 1782 3111 longa,
1811 3031 2009 3107 longa,
2031 3026 2263 3088 videtur
2290 3025 2503 3085 alicubi
2522 3043 2693 3104 repe-

223 3105 354 3174 riri,
386 3107 546 3182 quod
574 3119 774 3166 tamen
799 3107 994 3167 minus
1019 3126 1220 3166 verum
1248 3122 1355 3169 est.

315 3186 396 3243 Pa
443 3201 468 3242 .·
485 3187 580 3246 26.

397 3203 440 3262 g
493 3263 584 3312 Sed
605 3266 680 3313 hic
702 3263 984 3328 Pam-philus
1006 3263 1108 3326 quid
1131 3265 1233 3314 dicit
1247 3267 1270 3314 ἰ’
1299 3269 1499 3318 firmavit
1513 3269 1665 3318 fldem.

223 3327 368 3388 Non
399 3337 508 3398 est,
537 3329 814 3408 inquam
855 3349 988 3388 nam
1017 3347 1242 3389 versum
1270 3333 1352 3393 ita
1379 3334 1657 3403 scribere,
1688 3331 1770 3391 ita
1794 3327 1987 3388 metiri
2016 3326 2329 3386 debemus:

209 3438 218 3450 ·
484 3407 576 3458 Sed
597 3411 672 3459 bie
695 3407 968 3472 Pamphilu’.
990 3410 1097 3472 quid
1115 3410 1244 3460 ‹li-eit
1257 3413 1284 3460 2
1313 3413 1510 3462 firmavit
1527 3413 1679 3461 fldem.

225 3471 472 3610 Exitu-ito
497 3495 526 3534 s
551 3473 732 3546 finali,
762 3477 882 3553 qua
908 3474 986 3534 de
1013 3493 1076 3534 rc
1099 3494 1264 3535 mox.

353 3571 430 3630 ag
479 3631 646 3696 Neque
664 3632 791 3682 illum
814 3635 932 3682 hanc
949 3631 1170 3697 perpetuo
1187 3635 1362 3691 habere,
1383 3649 1530 3698 neque
1549 3650 1627 3684 me
1644 3635 1831 3699 perpeti.

300 3694 441 3829 tNon
469 3711 556 3756 est
583 3698 925 3768 baccheus3
967 3711 1058 3758 est
1077 3711 1426 3778 anapestus,
1455 3719 1589 3758 narn
1618 3699 1777 3778 prior
1802 3698 1861 3756 in
1891 3697 2049 3758 illum
2080 3689 2405 3754 communis
2426 3700 2516 3748 est
2538 3687 2695 3767 apud

219 3791 294 3832 ve
325 3791 471 3831 eres.

307 3849 462 3910 Ibid.

487 3931 552 3979 At
571 3933 685 3982 istuc
705 3936 922 3998 periclum
945 3938 994 3984 in
1013 3935 1110 3984 filia
1127 3935 1238 3990 fieri,
1260 3950 1402 3998 grave
1422 3943 1510 3984 est.
2250 3990 2263 4004 ,
2650 3986 2663 4001 ,

309 3995 524 4074 Neque
549 3996 648 4056 hie
673 4001 972 4061 baccheus
999 4013 1110 4069 est,
1141 3999 1280 4059 cum
1308 4000 1561 4078 priorem
1592 3998 1650 4056 in
1669 3999 1835 4068 istuc,
1864 3995 2049 4063 isthic,
2079 4005 2143 4053 et
2168 3991 2297 4051 aliis
2323 3991 2477 4049 bene
2501 3989 2696 4048 multis

223 4071 284 4131 id
357 4091 506 4132 enus
533 4075 858 4152 npminibus
883 4079 1063 4139 modo
1090 4079 1186 4136 lon
1231 4097 1324 4136 am
1367 4077 1630 4138 facerent
1658 4075 1901 4155 antiqui,
1934 4072 2107 4132 modo
2130 4073 2369 4130 brevem
2394 4091 2410 4134 z
2451 4086 2582 4124 nam
2610 4066 2693 4133 th·

215 4163 290 4210 ut
312 4093 355 4210 5
375 4151 536 4230 apud
565 4153 826 4226 Graecos,
855 4170 946 4217 est
973 4157 1116 4216 levis
1143 4099 1348 4216 sibilus
1385 4155 1633 4226 tantum,
1664 4155 1723 4214 id
1752 4166 1859 4224 eat,
1891 4171 2055 4230 paene
2085 4148 2248 4242 nihil.
2333 4143 2509 4222 Adde
2538 4143 2696 4224 quod

213 4230 495 4309 periclum
524 4236 850 4294 necessario
873 4239 1116 4318 longum
1145 4248 1236 4296 est
1263 4235 1321 4293 in
1349 4235 1633 4306 secunda,
1662 4252 1794 4293 nam
1822 4231 1968 4292 illud
1986 4231 2031 4290 I
2044 4241 2181 4288 ante
2207 4245 2392 4307 ipsam
2423 4223 2695 4282 decurta-

213 4308 438 4369 tionem
467 4309 712 4389 longum
737 4325 884 4374 erat.
2384 4379 2399 4392 .

301 4393 348 4448 S
373 4388 533 4468 perit
558 4400 698 4451 ante
724 4407 1164 4454 consonantem.
1242 4393 1579 4466 Lucretius,
1604 4391 1850 4461 Ennius,
1878 4388 2138 4456 Plautus,
2162 4382 2399 4461 Tragici
2422 4387 2688 4435 veterem

217 4467 319 4540 ita,
347 4467 531 4539 hern',
559 4467 756 4548 magi',
783 4471 974 4543 tn'sti',
1003 4475 1191 4544 omni’,
1220 4479 1331 4534 διο.

299 4551 346 4608 S
368 4547 528 4626 perit
552 4559 693 4607 ante
722 4549 1024 4612 vocalem:
1067 4551 1402 4630 exemplum
1431 4549 1661 4630 insigne
1688 4559 1797 4618 est,
1827 4565 1963 4626 pag·
1989 4547 2088 4607 27·

202 4641 217 4650 ·
473 4625 662 4676 Bonum
685 4629 922 4694 ingenium
943 4647 1099 4680 narr-as
1116 4629 1440 4680 >adole-scentia
1451 4645 1468 4687 3
1501 4629 1741 4692 optimum.
2170 4679 2183 4693 ,
2332 4669 2345 4683 .

221 4693 342 4754 Ubi
395 4692 728 4754 necessario
771 4695 1282 4774 pronunciandum
1327 4705 1437 4760 eat,
1480 4691 1657 4753 scent'
1700 4690 1971 4771 optimum
1994 4709 2019 4744 .-
2060 4689 2214 4760 perit
2252 4687 2407 4732 emm
2455 4675 2503 4734 S
2542 4685 2608 4734 et
2630 4671 2699 4732 fit

215 4771 560 4851 synaloepha
586 4793 603 4829 ε
650 4785 740 4835 est
769 4786 974 4836 autem
1003 4773 1270 4861 trimeter
1295 4771 1601 4834 iambicus.
