3067 4959
318 296 406 362 141
1194 261 1926 357 P'RO'LEGOMEh'rA

398 459 504 535 “Ac
518 451 767 536 primum
779 450 1014 532 quidem
1036 467 1209 530 quam
1222 445 1502 511 Erasmus
1520 450 1707 522 affert,
1725 443 1934 510 vereor
1947 461 2016 510 nt
2031 437 2376 532 accipienda·
2391 449 2463 513 si’t
2475 450 2790 515 dubitatio:

329 525 423 606 sit,
448 535 633 593 necne
654 532 830 592 certis
852 525 1102 608 pedibus
1120 529 1360 588 astricta
1379 529 1687 588 comoedia.
1733 529 1884 590 Nam
1949 549 2238 621 uunquam
2259 531 2660 597 Quintilianus·
2675 536 2793 595 boc

328 611 548 674 dixisse
564 611 814 681 videtur,
836 627 954 666 non
972 618 1165 666 tamen
1182 607 1399 700 pedum
1418 605 1584 686 leges
1603 606 1818 688 potius,
1836 627 2006 686 quam
2033 621 2424 686 trimetrorum
2445 614 2796 694 praescripti-

330 709 500 750 onem
531 687 881 749 desideravit
906 707 923 744 :
964 705 1156 764 neque
1182 703 1240 742 m
1270 684 1558 755 omnibus,
1587 683 1692 744 sed
1734 686 1791 743 in
1837 687 2207 746 'l'erentianis
2235 689 2498 746 tantum:
2544 697 2794 770 quarum

330 769 599 850 gratiam,
628 785 803 845 quam
831 763 1126 844 elegantia
1152 763 1430 822 orationis
1457 775 1635 853 atque
1665 764 1920 842 puritate
1948 777 2326 846 consequutoe
2366 779 2580 840 essent,
2623 769 2794 828 dimi-

331 859 532 908 nutam
562 847 809 926 putabat
833 841 1070 902 licentia
1095 859 1365 900 versuum
1394 841 1756 918 longiorum:
1802 839 1939 901 cum
1985 855 2180 902 tamen
2213 843 2453 903 Plautus
2495 844 2684 905 nihilo
2717 848 2797 906 sit

330 927 392 984 in
440 923 715 984 trimetris
756 921 1138 1000 frequentior.
1218 917 1358 977 Hoc
1398 931 1595 977 autem
1637 919 1886 998 amplius
1913 921 2115 980 eadem
2145 921 2202 980 in
2231 923 2553 1002 quaestione
2580 931 2802 1003 peccat‘

333 1001 699 1064 Priscianus:
731 999 1012 1079 quosdam
1034 1015 1180 1066 esse,
1204 993 1382 1088 qui'in
1410 995 1673 1055 Terentii
1695 999 1902 1057 fabulis
1923 1011 2129 1058 extare
2152 1015 2334 1059 metra
2351 1011 2590 1080 negent,
2611 1015 2793 1082 atque

334 1079 571 1141 e'osdem
600 1091 795 1138 tamen
818 1077 919 1146 ait,
947 1077 1046 1135 illa
1074 1095 1237 1154 quast
1266 1093 1481 1134 arcana
1507 1075 1794 1154 quaedam,
1823 1077 2050 1156 sibique
2077 1079 2214 1137 solis
2243 1081 2482 1156 cognita
2507 1081 2791 1158 profiteri.

336 1159 495 1226 Quid
525 1159 679 1217 enim
707 1171 795 1216 est
822 1157 935 1215 hoc
952 1155 983 1212 Ρ
1010 1173 1226 1232 negare
1252 1169 1526 1212 numeros
1548 1153 1605 1210 in
1628 1173 1798 1212 versu
1819 1157 2112 1236 quopiam,
2136 1157 2495 1236 eosdemque
2515 1175 2792 1220 numeros

334 1237 395 1296 i‘n
424 1237 631 1297 eodem
659 1255 830 1294 versu
856 1253 919 1293 se
946 1233 1099 1292 solos
1127 1231 1379 1289 dimetiri
1410 1246 1579 1310 posse
1596 1231 1626 1288 Ρ
1695 1234 1875 1291 Hane
1898 1234 2243 1293 sententiam
2274 1251 2435 1294 more
2462 1252 2570 1295 suo
2593 1237 2670 1295 de
2691 1238 2794 1297 illo

334 1321 635 1375 mutuatus
668 1312 961 1380 Erasmus,
992 1307 1446 1370 commodiorem
1488 1309 1662 1368 fecit:
1706 1310 1914 1370 dividit
1938 1312 2091 1371 enim
2121 1331 2270 1380 eam,
2309 1317 2554 1392 ejusque
2594 1325 2793 1393 partes

336 1395 411 1454 ad
442 1394 666 1453 diversa
694 1389 871 1450 refert
892 1387 1131 1470 judicia.
1216 1387 1384 1446 Alios
1412 1385 1602 1466 inquit
1629 1407 1865 1466 negare,
1893 1389 2036 1449 alios
2064 1391 2227 1470 quasi
2256 1391 2518 1449 inutilem·
2547 1410 2678 1453 eam
2705 1394 2802 1451 in-·

334 1473 777 1550 vestigationem
828 1468 1181 1527 existimare.
1260 1467 1524 1530 Quorum
1565 1477 1880 1544 utrumque
1921 1467 2058 1527 cum
2102 1469 2232 1547 ipse·
2267 1469 2585 1546 rejecisset,
2630 1471 2794 1550 quod

338 1563 466 1610 erat
492 1551 683 1630 priore
710 1551 864 1618 loco,
908 1543 1117 1604 merito
1148 1543 1310 1624 quasi
1338 1543 1669 1620 judicatum
1698 1545 1910 1604 omisit.
1994 1541 2257 1607 Alterius
2285 1560 2478 1605 autem
2508 1550 2795 1608 rationem

336 1629 488 1687 lianc
530 1625 777 1686 reddere
815 1623 1083 1684 instituit.
1168 1621 1302 1680 Non
1331 1638 1568 1697 operam
1596 1621 1848 1698 perdere
1873 1643 1980 1682 nos
2021 1623 2157 1683 inda
2201 1626 2366 1684 andis
2392 1642 2663 1686 versuum
2735 1647 2797 1686 e·

335 1707 594 1772 neribus,
624 1705 774 1763 lianc
802 1704 955 1762 enim
984 1698 1283 1793 diligentia
1310 1697 1479 1768 effici,
1508 1709 1577 1757 ut
1603 1719 1736 1778 quae
1759 1701 2125 1761 librariorum
2189 1703 2391 1762 n‘curia
2430 1710 2808 1784 transposutae‘

338 1800 513 1844 voces
540 1784 677 1851 sint,
702 1783 822 1842 suis
862 1798 947 1840 eae
985 1780 1222 1840 sedibus
1260 1775 1659 1836 restituantur.
1743 1779 1877 1869 Ego
1906 1780 2044 1839 vero
2077 1795 2269 1860 neque
2296 1783 2410 1841 hoc
2437 1798 2564 1844 esse
2591 1801 2797 1860 nece&

338 1863 553 1922 sarium
582 1861 773 1930 vide0,
802 1873 861 1919 et
890 1860 1022 1939 plus
1050 1857 1318 1918 conferre
1346 1855 1421 1913 ad
1448 1855 1658 1914 solutae
1683 1859 1963 1916 oranonis
1989 1860 2336 1919 libertatem.
2421 1859 2572 1919 Nam
2601 1880 2674 1919 ne
2720 1873 2808 1921 'ue'

338 1941 525 2000 ubivis
552 1939 917 2018 transposita
942 1955 1137 2006 voces,
1165 1936 1366 1994 versus
1392 1930 1604 1992 tollent
1630 1936 2058 1996 connexionem
2081 1959 2098 1993 ε
2127 1949 2188 1996 et
2205 1937 2670 2018 frequentissime
2733 1950 2804 1998 e-'

340 2019 771 2103 prehendimus,
820 2017 895 2075 ob
938 2013 1163 2074 numeri
1204 2011 1615 2071 necessitatem
1657 2012 1739 2071 ita
1767 2010 2182 2093 transpositas:
2223 2029 2287 2074 ut
2315 2017 2363 2075 si
2391 2017 2635 2076 eandem
2665 2037 2799 2076 sen·

339 2096 579 2157 tentiam
609 2097 668 2154 in
696 2095 997 2174 epistolam
1026 2093 1103 2152 sis
1128 2091 1429 2162 allaturus,
1458 2091 1690 2170 cogaris
1717 2091 1844 2152 aliis
1864 2093 2098 2152 sedibus
2125 2093 2431 2172 digerere:
2459 2096 2640 2155 veluti
2657 2096 2808 2156 cum·

342 2173 729 2236 Terentianus
759 2171 918 2230 Simo
945 2172 1059 2230 ait:

1037 2247 1087 2294 si
1110 2261 1291 2294 sensero
1311 2247 1445 2295 hodie
1466 2249 1700 2310 quicquam
1724 2247 1770 2295 in
1787 2247 1856 2294 his
1877 2255 1925 2295 te
1943 2249 2108 2310 nuptiis

1036 2310 1245 2360 Fallaciae
1266 2313 1435 2370 conari,
1454 2310 1546 2374 qud
1567 2313 1677 2360 liant
1697 2310 1862 2359 minus.

344 2403 494 2464 Nam
550 2402 743 2482 priore
795 2419 966 2459 versu
1020 2399 1203 2460 multa
1241 2400 1495 2460 invertas
1536 2402 1663 2461 sine
1703 2398 2006 2479 dispendio
2047 2408 2456 2458 numerorum:
2509 2400 2569 2458 in
2612 2403 2814 2463 altero*

343 2495 564 2552 autem,
594 2493 655 2539 et
722 2479 1022 2538 uotidiano
1062 2499 1350 2549 sermone,
1380 2490 1443 2538 et
1467 2479 1798 2540 forensibus
1841 2477 2311 2537 contentionibus
2339 2479 2509 2537 aliter
2533 2479 2804 2558 loquare.

345 2564 558 2640 Itaque
604 2559 651 2618 si
719 2557 914 2616 ibrarii
954 2558 1037 2616 ita
1080 2557 1479 2636 scripsissent:
1563 2559 1842 2617 Fallacia
1887 2557 2103 2624 conari,
2151 2555 2446 2636 quominus
2471 2557 2636 2636 fiant
2656 2584 2679 2618 .·
2721 2572 2802 2620 ex

348 2657 550 2699 eorum
608 2635 939 2696 temeritate
982 2637 1095 2694 boc
1138 2636 1369 2695 fructsis
1422 2637 1760 2714 capiamus:
1816 2647 1882 2693 ut
1925 2635 2148 2693 minore
2197 2636 2438 2714 negotio
2487 2637 2799 2697 imitemur.

347 2719 488 2778 Hoc
529 2715 709 2807 igitur
748 2733 865 2772 non
916 2718 1197 2794 negamus
1242 2733 1370 2786 noS,
1422 2733 1697 2774 versuum
1751 2713 1982 2792 legibus
2035 2713 2172 2772 duci
2223 2731 2332 2772 nos
2372 2713 2449 2772 ad
2487 2717 2804 2776 verborum·

342 2797 514 2856 sedes
552 2792 1019 2870 investigandas:
1062 2795 1167 2853 sed
1212 2794 1270 2851 in
1300 2813 1373 2853 eo
1416 2794 1594 2852 ullam
1622 2811 1750 2851 esse
1789 2792 2121 2859 utilitatem,
2165 2792 2278 2850 hoc
2313 2809 2630 2870 negamus:
2679 2791 2804 2855 im&

348 2874 489 2933 vero
532 2872 865 2932 conducere
900 2871 1193 2931 interdum
1230 2871 1437 2950 magis,
1475 2872 1523 2931 si
1552 2871 1908 2948 transposita
1931 2870 2067 2938 sint,
2095 2889 2214 2947 quo
2241 2870 2448 2929 ordine
2475 2871 2798 2932 orationem

346 2965 605 3012 nostram
630 2949 1015 3010 instituamus·
1100 2951 1217 3011 Sed
1258 2951 1527 3028 profecto
1570 2949 1684 3008 hac
1725 2950 1905 3028 opera
1943 2949 2075 3026 plus
2099 2947 2213 3005 fuit
2238 2947 2454 3007 laboris
2479 2961 2797 3028 sumptum,

348 3032 522 3110 quam
566 3041 803 3108 captum
851 3027 1149 3090 utilitatis:
1190 3041 1257 3089 ut
1282 3049 1399 3089 non
1427 3029 1554 3088 sine
1591 3029 1768 3088 causa
1805 3027 2168 3093 miraremur,
2210 3041 2466 3086 summos
2493 3028 2644 3086 viros
2671 3039 2804 3088 tan·

346 3124 475 3170 tum
515 3109 693 3170 studii
730 3109 790 3170 in
832 3107 1200 3170 dimetiendis
1253 3108 1363 3168 illis
1406 3108 1670 3169 versibus
1713 3105 1996 3183 posuisse,
2045 3103 2430 3172 Priscianum,
2473 3106 2798 3179 Donatum,

352 3192 668 3268 Asperum,
710 3187 945 3255 Jubam,
980 3188 1286 3253 Scaurum,
1316 3186 1595 3254 Probum,
1629 3185 1730 3244 Sul
1776 3183 1964 3254 itiam,
1995 3183 2318 3242 Varronem
2347 3181 2557 3261 ipsum.
2637 3187 2805 3251 Quo-

346 3287 477 3326 rum
505 3266 835 3345 frequentia
874 3263 1009 3322 cum
1050 3263 1190 3320 mihi
1236 3263 1295 3319 in
1342 3273 1600 3320 mentem
1629 3279 1738 3320 ven
1765 3272 1808 3330 t,
1837 3271 2081 3338 apparet
2121 3259 2279 3320 illico
2304 3272 2410 3319 aut
2433 3262 2682 3320 obscura
2711 3262 2804 3320 di-

348 3345 609 3422 ligentia,
696 3343 753 3400 ui
794 3339 1012 3398 infecto
1053 3337 1291 3418 negotio
1346 3338 1621 3416 eguerint
1657 3356 2033 3396 successore:
2075 3352 2178 3398 aut
2233 3358 2326 3397 res
2367 3339 2490 3416 ipsa
2541 3339 2801 3416 perdita,

352 3441 483 3500 quae
508 3421 597 3478 vel
635 3363 709 3477 :ib
752 3436 868 3476 uno
902 3416 1158 3477 alterove
1197 3426 1493 3474 tantorum
1520 3415 1774 3473 virorum
1823 3414 2150 3493 nequiverit
2191 3417 2419 3476 confici.
2498 3419 2698 3484 Quare
2727 3437 2810 3479 en

350 3503 588 3576 ‘quoque
630 3513 825 3564 causa,
868 3494 972 3552 sed
1014 3491 1375 3573 potissimum
1403 3512 1493 3562 ea,
1535 3493 1794 3571 inquam,
1821 3512 1949 3552 esse
1989 3495 2202 3572 potuit,
2245 3510 2312 3555 ut
2351 3495 2425 3554 ad
2464 3495 2616 3554 hanc
2655 3514 2806 3555 eon·

348 3578 466 3638 tem
511 3571 786 3631 lationem
832 3571 1090 3631 studium
1137 3581 1398 3630 nostrum
1446 3571 1876 3630 adhiberemus.
1961 3573 2170 3650 Neque
2211 3573 2362 3633 enim
2401 3575 2528 3635 sola
2567 3593 2659 3632 res
2697 3595 2806 3654 pe-

351 3664 448 3713 ten
488 3666 529 3710 ‘a
562 3654 683 3729 jam
712 3659 799 3708 est
829 3650 1014 3723 nobis,
1044 3649 1148 3712 sed
1177 3649 1301 3727 ipsa
1328 3649 1708 3708 contentione
1745 3649 1820 3708 de
1850 3647 2180 3710 clarissimis
2220 3654 2522 3713 autoribus
2562 3651 2811 3712 victoria

348 3729 720 3810 reportanda.
804 3732 1007 3805 Atque
1050 3740 1116 3788 ut
1163 3745 1364 3785 eorum
1399 3727 1626 3802 Judicia
1673 3727 1784 3787 hfic
1831 3748 2066 3807 quoque
2102 3727 2162 3786 in
2201 3743 2367 3808 parte
2401 3731 2806 3800 emendemus,

344 3809 516 3870 ‘simul
543 3807 618 3866 ad
644 3805 796 3866 hanc
825 3826 1058 3886 operam
1090 3802 1399 3864 incitemus
1428 3805 1663 3884 ingenia
1690 3805 2050 3865 literatorum
2074 3829 2089 3865 ι
2116 3821 2183 3866 ut
2207 3828 2318 3866 non
2349 3807 2642 3868 minimam
2667 3828 2806 3889 pro-

344 3885 663 3948 nunciandi
709 3885 992 3944 rationem
1040 3905 1116 3944 ex
1166 3884 1275 3944 hac
1320 3884 1812 3943 commentatione
1861 3889 2138 3964 consequi
2179 3906 2308 3945 sese
2343 3907 2516 3965 posse
2556 3899 2808 3965 putent:

347 3963 838 4047 quemadmodum
860 3963 992 4022 cum
1022 3961 1419 4023 intellexerint
1446 3981 1637 4042 neque
1659 3963 2090 4041 aspirationem,
2113 3983 2304 4042 neque
2325 3964 2580 4036 sibilum,
2612 3983 2686 4022 ne
2735 3977 2809 4023 ue

344 4055 567 4104 mutam
610 4041 760 4100 inter
786 4061 850 4101 se
879 4045 1212 4122 conspirare
1240 4041 1522 4118 potuisse,
1571 4054 1635 4101 ut
1676 4041 1862 4120 prima
1902 4041 2126 4117 syllaba
2167 4043 2223 4098 in
2254 4063 2399 4102 voce
2441 4041 2573 4112 haic,
2614 4043 2688 4102 ist
2729 4042 2808 4112 ic,

342 4122 791 4211 produceretur.
872 4123 1004 4188 Qua
1045 4121 1100 4179 in
1142 4136 1289 4178 voce
1330 4119 1535 4177 eadem
1566 4121 1664 4198 qui
1695 4130 1902 4198 putant
1931 4119 2160 4178 sibilum
2192 4121 2430 4180 extrudi
2459 4121 2515 4180 in
2545 4140 2812 4200 pronun-

344 4201 575 4270 ciando,
603 4219 795 4278 neque
838 4216 1057 4258 morem
1099 4197 1421 4268 servarunt,
1462 4211 1656 4276 neque
1699 4197 2113 4276 etymologiam
2164 4201 2564 4259 observarunt.
2649 4197 2810 4258 Nam

344 4281 568 4352 AEoles,
592 4299 737 4358 quos
765 4277 961 4338 Latini
992 4277 1241 4338 maxime
1268 4287 1404 4335 sunt
1426 4275 1654 4347 imitati,
1677 4275 1837 4354 quod
1863 4275 1957 4334 alii
1981 4273 2171 4334 ἐσθλὸν
2200 4276 2485 4347 dicerent,
2507 4275 2618 4354 ipsi
2641 4273 2814 4334 ἐσλὸν

338 4359 839 4440 pronunciabant:
882 4355 963 4414 ita
989 4358 1047 4414 in
1076 4357 1253 4415 verbo
1279 4356 1443 4415 isthic
1462 4355 1642 4412 satius
1668 4353 1782 4411 fuit
1804 4365 2020 4411 mutam
2051 4354 2326 4432 abjicere.
2381 4352 2460 4414 Et
2484 4353 2595 4413 fuit
2617 4353 2804 4414 ratio:

341 4459 475 4498 nam
502 4439 571 4510 is,
643 4446 919 4495 rononien
947 4436 1241 4514 integrum
1269 4443 1500 4491 manet:
1545 4431 1734 4492 cauda
1773 4443 1968 4489 autem
2009 4431 2128 4504 illa,
2167 4453 2340 4512 quam
2375 4445 2595 4492 vocant
2623 4429 2807 4510 sylla-

340 4517 531 4575 bicam
560 4535 591 4574 a
630 4515 971 4594 jectionem,
1000 4513 1163 4572 nullo
1190 4511 1496 4588 dispendio
1528 4517 1830 4589 expuncta
1855 4508 2030 4568 etiam
2060 4509 2269 4569 leniori
2295 4510 2573 4587 relinquit
2596 4508 2808 4570 locum

340 4595 758 4668 conjunctioni.
842 4593 1133 4654 Preterea
1160 4590 1357 4651 multis
1382 4587 1443 4648 in
1469 4589 1615 4652 locis
1630 4587 2088 4660 animadvertas,
2117 4587 2436 4668 posituram
2466 4606 2804 4648 consonan-
