3067 4959
1235 222 1889 293 TERENTIANA.
2617 224 2817 291 lxxxv

337 406 440 449 sus
469 388 616 449 Act.
641 387 764 447 111.
787 406 954 449 seen.
977 388 1090 449 IV.
1113 388 1330 451 iterum
1361 392 1508 451 Act.
1533 390 1643 449 lv.
1668 408 1830 451 scen.
1856 392 1909 449 Ι.
1935 390 1999 451 in
2040 390 2303 471 Hecyra,
2336 392 2481 453 Act.
2506 390 2623 449 111.
2648 408 2811 451 scen.-

342 466 811 605 11LAlgrfftiprea
835 465 894 525 in
925 468 1101 528 Phor.
1133 470 1276 531 Act.
1303 469 1387 527 11.
1411 488 1576 528 scen.
1603 468 1689 528 11.
1748 468 1847 529 Sic
1866 469 2007 529 alias
2026 490 2203 549 soepe.
2246 469 2391 529 Tale
2411 468 2559 528 illud
2574 488 2811 549 quoque

338 564 425 605 ex
561 566 594 604 e
700 564 786 604 is:

610 566 816 673 gereres
836 640 1028 683 ruerem,
1051 642 1248 691 ageren,
1272 640 1486 689 raperem,
1511 628 1759 680 tunderem,
1782 634 1831 673 et
1848 634 2196 689 prosternerem.
2820 670 2827 677 .

427 686 546 747 cui
573 700 665 746 est
689 688 921 767 aliquod
950 692 1174 749 aurium
1197 688 1512 769 judicium,
1539 690 1588 749 is
1616 690 1787 749 facile
1814 691 2046 761 sentiet,
2076 710 2183 750 cur
2208 688 2287 750 sit
2306 690 2485 767 pois'ta
2511 686 2813 747 trochaico

346 784 493 824 usus
521 766 637 825 hoc
661 766 830 837 loco;
853 768 1124 827 nimirum
1157 780 1224 827 ut
1250 787 1484 827 sensum
1514 769 1770 847 quodam
1795 769 1974 829 veluti
1996 789 2173 829 cursu
2198 769 2415 847 pedum
2444 766 2693 825 citorum
2714 770 2813 843 ju-

348 856 539 903 varet.
617 844 794 911 Quod
832 857 895 905 et
933 850 1241 925 poetarum
1281 845 1609 925 principem
1651 846 1960 925 Virgilium
2002 868 2159 945 saepe
2204 846 2501 905 factitasse
2542 856 2812 903 constat:

353 942 489 981 nam
521 932 586 981 ut
613 922 944 983 tarditatem
974 926 1078 996 rei,
1119 922 1641 1004 difficultatemque
1684 926 2014 1003 exprimere
2043 946 2176 985 cum
2207 924 2352 995 vult,
2382 922 2601 983 crebris
2641 942 2817 1001 spon-

355 1000 534 1071 daeis;
575 999 657 1060 ita
685 1000 822 1061 cum
851 1003 1210 1062 celeritatem
1239 1013 1300 1063 et
1326 1002 1823 1095 velutimpetum,
1852 1016 1913 1063 et
1939 1003 2389 1072 festinationem,
2419 1000 2670 1081 dactylis
2697 1001 2814 1063 fre-

352 1078 668 1159 quentibus
698 1081 900 1139 utitur.
983 1080 1200 1141 Prioris
1227 1082 1568 1160 exemplum
1595 1081 1739 1140 1uud
1766 1094 1855 1141 est
1882 1102 1960 1143 ex
1988 1083 2165 1143 tertio
2193 1079 2509 1144 AEneidos:

611 1160 786 1207 Annixi
808 1168 1021 1224 torquent
1039 1176 1234 1225 spumas,
1257 1168 1302 1209 et
1324 1161 1492 1209 caerula
1511 1168 1713 1209 verrunt.

354 1222 704 1281 Posterior-is
730 1224 877 1283 illud
907 1243 981 1283 ex
1014 1236 1260 1305 quarto:

610 1301 921 1417 {2533ae
941 1304 1078 1353 dmul
1099 1304 1234 1353 ardor
1252 1304 1400 1360 habet,
1424 1303 1703 1367 rapiuntque,
1726 1310 1966 1367 ruuntque.

437 1430 558 1493 Sed
583 1430 752 1489 nimis
777 1384 1064 1493 multm
1082 1370 1156 1491 ἐξ
1179 1431 1506 1511 praesertim
1531 1431 1665 1491 levi.
1746 1432 2102 1493 observabit
2120 1432 2268 1501 haec,
2290 1432 2403 1492 alia
2446 1451 2521 1491 ue
2540 1429 2600 1489 id
2626 1449 2815 1509 genus

353 1530 463 1591 per
487 1508 704 1588 seipse
731 1510 919 1571 lector
941 1510 1264 1571 studiosus.
1347 1510 1501 1569 Illud
1529 1530 1647 1569 non
1675 1510 2063 1589 ignorandum
2081 1511 2357 1581 comicos,
2378 1532 2407 1571 s
2449 1512 2653 1570 iterant
2674 1526 2817 1567 con-

353 1600 660 1650 sonantem
687 1588 844 1648 haud
871 1588 1046 1651 sectis
1071 1590 1294 1650 elidere
1319 1588 1547 1659 solitos,
1588 1608 1661 1648 ac
1699 1588 1749 1647 si
1775 1590 1993 1649 vocalis
2034 1601 2210 1660 esset,
2250 1590 2428 1668 idque
2467 1587 2819 1666 frequentis-

355 1668 516 1727 sime.
569 1666 750 1733 Quod
765 1678 830 1727 et
847 1668 1106 1727 Ennium
1135 1668 1194 1728 in
1225 1666 1522 1737 Heroicis,
1550 1677 1613 1727 et
1638 1668 2061 1728 vetustissimos
2087 1688 2323 1747 quoque
2351 1667 2547 1726 facere
2572 1684 2819 1725 consue-

357 1746 530 1818 visse,
556 1757 626 1805 ut
650 1758 714 1804 et
739 1744 1050 1823 Virgilium
1077 1746 1372 1806 interdum
1402 1744 1565 1805 docti
1591 1748 1977 1807 annotarunt:
2020 1747 2183 1807 velut
2208 1747 2269 1804 in
2296 1744 2559 1804 Andria:

619 1822 772 1871 Heru'
795 1840 882 1881 nie,
905 1826 1070 1873 relictis
1091 1826 1234 1882 rebus,
1247 1827 1390 1890 jussit
1411 1824 1715 1889 Pamphilum.

443 1888 574 1947 Hic
599 1887 789 1965 prima
815 1889 1054 1967 regione
1077 1901 1406 1967 anapaestus
1433 1900 1543 1959 est,
1571 1910 1600 1949 s
1626 1888 1791 1948 eliso.
1872 1889 1943 1947 In
1974 1886 2267 1947 Eunucho
2284 1910 2307 1947 ι

627 1964 862 2028 Jugulars’
880 1968 1128 2017 honinem.
1188 1967 1313 2023 Quid
1332 1968 1406 2019 ille
1421 1968 1444 2014 ?
1515 1970 1604 2017 172.
1636 1968 1804 2015 Mutus
1824 1968 1961 2015 inico.

451 2028 666 2087 Hicin
695 2030 872 2087 verbo
889 2030 1204 2111 juguldras
1229 2054 1256 2091 s
1283 2033 1534 2102 eliditur,
1566 2042 1633 2090 ut
1669 2032 1745 2090 sit
1780 2029 2044 2090 secundo
2083 2030 2219 2089 ioco
2256 2037 2605 2107 anapaestus‚
2648 2026 2825 2086 tertio

369 2108 620 2167 iambus.
702 2106 830 2166 Nisi
859 2109 988 2187 quis
1017 2108 1214 2169 dicere
1240 2111 1390 2171 ausit
1415 2129 1740 2191 pronomen
1768 2108 1885 2181 ille,
1908 2110 2069 2169 velut
2095 2108 2291 2167 ablato
2313 2106 2499 2165 altero
2524 2104 2566 2176 l,
2586 2105 2823 2184 corripi,

370 2206 553 2257 more,
580 2185 1018 2265 imitationeque
1046 2188 1412 2257 Graecorum,
1443 2188 1603 2268 quod
1632 2192 1725 2262 (ut
1753 2208 1867 2266 ego
1894 2186 2108 2264 sentio)
2136 2186 2313 2266 pauld
2345 2185 2522 2244 fuerit
2543 2184 2827 2244 coactius.

370 2264 648 2333 Quamvis
673 2265 831 2345 apud
859 2266 1036 2326 hosce
1061 2266 1254 2325 fateor
1279 2265 1522 2326 alteram
1552 2286 1971 2346 nonnunquam
2000 2268 2075 2325 de
2114 2264 2423 2345 geminatis
2452 2263 2825 2323 consonanti-

365 2344 476 2404 bus
503 2343 563 2402 in
592 2363 762 2403 versu
789 2344 915 2403 tolli
943 2342 1096 2403 >eard
1120 2344 1504 2423 παρέλλειψιν,
1535 2364 1655 2425 quo
1680 2345 1905 2424 syllaba
1931 2346 2127 2424 positu
2166 2346 2345 2422 longa
2372 2342 2587 2421 corripi
2628 2352 2827 2422 queat.

367 2422 448 2483 Et
473 2424 665 2483 solent
693 2422 884 2483 Latini
910 2424 970 2482 in
1010 2424 1208 2483 multis
1234 2432 1326 2496 (ut
1365 2425 1679 2503 diligenter
1717 2423 2019 2483 adnotavit
2058 2423 2411 2497 Priscianus)
2452 2421 2681 2480 initium
2721 2420 2827 2480 ali-

367 2501 526 2583 quod
551 2500 912 2581 accipientes
941 2503 976 2559 a
1003 2502 1250 2573 Graecis,
1280 2504 1354 2563 ab
1385 2514 1638 2581 angusto
1664 2502 1725 2560 in
1754 2502 1997 2563 effusum
2027 2502 2279 2562 licentiae
2314 2500 2565 2581 spatium
2594 2502 2709 2559 hoc
2739 2498 2828 2557 di-

363 2580 566 2641 latare.
649 2580 770 2641 Sed
795 2581 912 2641 hoc
932 2602 1060 2641 suae
1089 2588 1377 2659 cujusque
1405 2588 1761 2658 conjecturas
1789 2582 2075 2662 relinquo.
2158 2581 2312 2639 Illud
2332 2579 2569 2659 quidem
2597 2599 2714 2638 non
2737 2586 2829 2637 est

366 2670 436 2718 ut
462 2659 706 2720 inficiari
731 2678 964 2739 queam,
993 2660 1178 2719 videri
1203 2660 1496 2719 interdum
1524 2659 1552 2718 l
1575 2660 1715 2719 elidi
1756 2661 1913 2741 apud
1955 2658 2262 2721 comicum·
2284 2670 2567 2731 nostrum,
2597 2656 2829 2737 quoties

369 2738 538 2801 adest
561 2757 886 2817 pronomen
911 2737 1029 2808 ille,
1059 2752 1124 2797 ut
1151 2738 1208 2797 in
1241 2738 1571 2797 Eunucho:

623 2816 910 2865 ‘Manendum
928 2826 1004 2865 est
1023 2818 1107 2865 soli
1128 2818 1226 2865 sine
1246 2814 1359 2867 im?
1393 2818 1498 2880 quid
1519 2826 1617 2865 turn
1638 2824 1795 2881 postea
1808 2818 1832 2865 ἰ’

447 2882 522 2939 In
551 2880 996 2939 Heautontim.:

631 2957 738 3005 Nec
757 2959 836 3005 tibi
855 2958 934 3006 me
954 2966 1024 3006 est
1041 2960 1224 3008 eredere
1243 2970 1394 3019 ausus,
1419 2976 1522 3024 quae
1544 2968 1615 3008 est
1636 2974 1814 3023 aequom
1834 2959 1965 3023 patri.

456 3022 532 3080 In
561 3021 880 3097 Adelphis:

459 3164 492 3221 Ι
560 3162 626 3222 H
641 3098 826 3220 Qnidrgs
845 3099 990 3148 feeit?
1049 3102 1142 3150 De.
1175 3102 1298 3159 Quid
1317 3104 1393 3153 me
1411 3102 1609 3153 fecerit?
1638 3118 1771 3166 quem
1794 3114 1939 3164 neque
1958 3098 2113 3164 pudet.

495 3183 532 3223 n
629 3182 701 3221 ec
725 3183 739 3199 ·
823 3186 842 3222 ε

637 3240 688 3289 N
689 3182 750 3291 ἔα
775 3243 851 3291 tibi
871 3244 982 3292 illud
999 3242 1164 3295 Mum
1186 3244 1336 3295 minias
1355 3246 1516 3312 placet,
1539 3243 1677 3309 quam
1698 3244 1819 3301 mihi.
1844 3241 2033 3293 Lache?

453 3307 529 3367 In
555 3306 912 3367 Phormione
931 3330 950 3368 ε

629 3384 718 3435 Ille
735 3388 814 3449 qui
833 3388 956 3437 illam
978 3390 1152 3437 ambat
1171 3388 1410 3447 fidicinam,
1433 3389 1763 3445 tantummodo,
1782 3388 1868 3453 ᾇο.

378 3452 530 3512 Sunt
569 3450 633 3509 id
670 3471 862 3529 genus
899 3466 1185 3513 sexcenta
1223 3455 1383 3533 apud
1420 3452 1787 3513 Terentium.
1888 3450 2091 3511 Fuisse
2117 3458 2314 3510 autem
2343 3449 2481 3509 cum
2510 3470 2626 3509 non
2654 3453 2839 3528 gemi-

373 3540 614 3589 naretur
651 3528 695 3600 l,
727 3529 784 3588 in
819 3532 936 3591 hoc
963 3533 1328 3610 pronomine,
1355 3531 1561 3590 videor
1587 3550 1665 3590 ex
1697 3530 1838 3591 Sex.
1868 3529 2153 3607 Pompeio
2180 3528 2635 3607 deprehendisse
2660 3530 2761 3589 lib.
2790 3532 2842 3589 1.

375 3606 758 3687 Παρελλείψει
787 3609 1084 3669 contraria
1105 3610 1298 3687 figura
1322 3622 1413 3670 est
1442 3610 1873 3689 διπλασίασμος,
1894 3610 2011 3688 qua
2030 3608 2157 3687 ipsa
2176 3606 2265 3666 fre
2308 3619 2514 3667 uenter
2533 3614 2707 3687 poeta
2726 3610 2844 3667 uti-

377 3698 478 3744 tur
503 3688 578 3745 ad
611 3688 1056 3779 producendam
1095 3690 1380 3767 syllabam
1419 3688 1639 3767 alioqui
1679 3689 1939 3758 brevem,
1979 3699 2047 3745 ut
2082 3687 2143 3744 in
2191 3688 2250 3743 A
2296 3686 2481 3763 elphis
2522 3686 2845 3763 rdliquum,

381 3782 494 3843 pro
519 3764 794 3843 reliquum
815 3790 839 3825 .-
869 3779 932 3826 et
957 3765 1119 3837 alibi,
1148 3766 1364 3836 rettuli,
1393 3767 1640 3846 repperi,
1671 3778 1850 3846 atque
1868 3766 1929 3824 id
1993 3784 2139 3824 enus
2158 3764 2291 3823 alia.
2372 3764 2493 3824 Sed
2513 3784 2848 3843 pergamus.

397 3844 452 3901 V
471 3860 706 3925 quoque
734 3856 1158 3904 consonantem
1187 3846 1398 3905 cornici
1424 3844 1670 3923 perinde
1711 3864 1784 3905 ac
1810 3864 1883 3903 vo
1979 3862 2073 3903 em
2114 3844 2173 3900 in
2214 3843 2409 3903 media
2446 3844 2707 3903 dictione
2746 3842 2851 3903 eli-

384 3920 574 3988 dunt3
599 3922 756 3999 quod
783 3924 940 4002 apud
972 3924 1336 3993 Terentium,
1366 3924 1425 3982 in
1453 3924 1828 3993 dictionibus,
1856 3922 2077 3982 invidia
2106 3932 2169 3981 et
2193 3922 2493 3993 enimvero,
2534 3922 2663 3980 fieri
2692 3923 2853 3980 vide·

384 4016 542 4067 mus,
569 3999 725 4077 apud
752 4019 926 4077 quem
955 4001 1166 4081 ipsum,
1195 4006 1374 4081 cujus,
1401 4002 1591 4085 hujus,
1617 4006 1738 4081 <jus
1760 4001 2093 4079 similesque
2114 3999 2415 4077 particulae
2437 4001 2855 4078 monosyllabas

384 4076 516 4139 fere
543 4088 701 4147 sunt,
729 4080 884 4155 quod
912 4080 996 4139 ita
1022 4081 1260 4140 demum
1286 4079 1565 4159 frequens
1606 4092 1715 4153 est,
1756 4092 1826 4139 ut
1863 4098 1981 4138 non
2022 4090 2223 4157 putem
2266 4078 2343 4137 de
2384 4098 2459 4138 eo
2494 4078 2856 4154 subjicienda

383 4154 686 4233 exempla.
764 4156 919 4216 Illud
945 4172 1232 4237 praeterea
1257 4176 1661 4239 saepenumero
1685 4176 1799 4217 usu
1818 4156 1997 4227 venit,
2020 4168 2087 4216 ut
2106 4156 2295 4234 prima
2316 4156 2517 4217 versus
2537 4154 2856 4233 sequentis,

387 4232 492 4313 qui
519 4232 558 4289 ὲ
584 4232 774 4291 vocali
802 4234 1058 4315 incipiat,
1089 4238 1164 4296 ab
1190 4237 1397 4296 ultima
1421 4235 1739 4315 superioris
1764 4236 2167 4307 absorbeatur,
2195 4235 2357 4295 velut
2382 4238 2441 4293 in
2471 4235 2571 4291 illo
2588 4253 2606 4288 ι

651 4310 734 4360 Ex
757 4312 936 4362 Grecis
953 4316 1082 4363 bonis
1101 4316 1292 4365 Latinas
1309 4316 1416 4364 fecit
1436 4330 1530 4364 non
1549 4316 1707 4364 bonas.

389 4376 512 4437 Ubi
559 4396 634 4436 ex
671 4376 1020 4439 absorbetur
1058 4381 1132 4440 ab
1173 4380 1422 4440 adverso
1459 4378 1624 4452 male,
1664 4399 1783 4460 quo
1808 4398 2009 4441 versus
2035 4376 2375 4457 praecedens
2403 4370 2715 4431 clauditur.
2787 4372 2865 4435 Et

385 4455 446 4515 in
474 4454 730 4536 prologo
763 4456 1060 4537 Hecyraez

649 4550 762 4617 Ego
782 4555 955 4604 interea
975 4570 1128 4603 meum
1151 4568 1244 4601 non
1267 4556 1396 4618 potui
1415 4554 1552 4603 tutu-i
1574 4555 1741 4603 locum.
2404 4620 2417 4633 ι

471 4632 640 4695 Prior
667 4635 898 4717 syllaba
938 4636 1000 4697 in
1040 4636 1386 4716 pronomine
1409 4656 1516 4716 ego
1555 4634 1813 4715 pertinet
1852 4633 1929 4694 ad
1954 4644 2183 4690 versum
2224 4638 2622 4759 superiorgmi
2668 4620 2872 4681 contra
