3067 4959
1235 310 1875 375 TERENTIANA.
2727 301 2771 363 li

921 525 1035 585 Ex
1077 522 1685 585 INSCRIPTIONE
1730 522 2141 585 EUNUCHI.

891 680 1054 743 Mihi
1077 680 1372 760 inscriptio
1395 679 1518 739 haec
1544 678 1625 739 sic
1650 676 1885 759 legenda
1912 676 2137 737 videtur
2158 699 2182 733 .·

389 806 592 867 Pom..
633 806 867 865 Terent.
900 808 1032 866 Afri
1061 806 1406 866 Eunuchus.
1474 808 1635 863 Acta
1660 804 1813 863 ludis
1830 802 2158 877 Megalens.
2200 799 2273 857 L.
2293 794 2635 887 Posthumio
2658 792 2763 853 Al-

297 884 468 954 bino,
497 885 570 943 L.
599 886 870 945 Cornelio
899 886 1154 956 Merula,
1185 884 1478 945 AEdilibus
1517 882 1853 943 Curulibus.
1934 881 2131 957 Egere
2160 878 2232 937 L.
2263 878 2569 934 Ambivius
2611 874 2763 935 Tur·

271 963 424 1041 ·pio.
455 962 532 1021 L.
559 964 802 1023 Attilius
831 964 1236 1023 Praenestinus.
1319 962 1538 1021 Medos
1562 960 1705 1019 fecit
1728 958 2007 1021 Claudius
2038 958 2301 1025 Flaccus,
2335 952 2565 1013 Claudii
2588 951 2760 1017 filius,

297 1040 462 1099 tibiis
481 1040 728 1107 duabus,
751 1042 964 1101 dextra
986 1054 1048 1100 et
1073 1041 1321 1101 sinistra.
1381 1042 1543 1098 Acta
1562 1038 1822 1098 secundo
1848 1048 1957 1096 est.
2013 1037 2227 1096 Graeca
2250 1042 2343 1093 est
2370 1028 2761 1090 Menandrou.

297 1116 482 1177 Edita
510 1119 600 1177 M.
633 1120 868 1179 Valerio
897 1119 1171 1190 Messala,
1203 1120 1273 1179 C.
1305 1118 1524 1177 Fannio
1556 1118 1843 1177 Strabone
1872 1116 2037 1175 Coss.

382 1197 479 1255 Ex
507 1198 774 1275 prologo.
837 1198 1148 1277 Postquam
1173 1196 1370 1257 aediles
1387 1196 1691 1271 meruah]
1737 1195 2075 1272 Antequam
2096 1190 2309 1250 fabulae
2324 1200 2461 1247 ante
2477 1185 2759 1267 populum

291 1287 634 1353 agerentur,
663 1275 930 1352 privatim
959 1275 1114 1354 apud
1142 1274 1358 1333 aediles.

385 1352 571 1422 Quam
697 1354 876 1425 rimis,
904 1364 960 1412 et
985 1354 1210 1413 minime}
1235 1350 1438 1412 multos
1463 1350 1723 1425 laedere.]
1811 1350 1992 1419 Quam
2016 1348 2286 1430 plurimis
2321 1348 2453 1407 duoe
2476 1354 2615 1405 sunt
2640 1342 2763 1402 die-

290 1430 507 1491 tiones.
645 1432 738 1489 oci
763 1432 1074 1502 sententia,
1104 1435 1199 1509 cuj
1208 1450 1273 1490 us
1299 1450 1408 1489 nos
1434 1428 1707 1488 AEmilius
1736 1428 2009 1487 Fer-retus
2035 1426 2355 1494 admonuit,
2382 1427 2511 1483 haec
2536 1433 2645 1491 est,
2691 1421 2761 1481 sa·

292 1510 593 1589 quisquam
621 1520 704 1569 est
741 1512 841 1589 qui
877 1511 1034 1571 honis
1072 1509 1300 1589 placere
1343 1508 1474 1568 velit
1512 1505 1701 1587 ροέίΐιε
1726 1508 1897 1585 quam
1922 1504 2106 1573 malis,
2140 1508 2296 1583 (nam
2324 1524 2430 1584 per
2458 1500 2757 1581 plurimos,

291 1587 534 1647 eosdem
555 1588 656 1647 hic
676 1588 1053 1668 intelligimus
1074 1608 1222 1669 quos
1244 1586 1442 1647 Graeci
1462 1605 1569 1664 per
1589 1582 1846 1655 πολλοὺς,
1905 1604 2096 1663 neque
2112 1594 2305 1643 tamen
2329 1583 2509 1642 malos
2522 1579 2759 1649 laedere,

291 1664 452 1723 iniis
480 1686 609 1725 esse
634 1686 700 1725 se
725 1672 902 1744 poeta
941 1666 1271 1745 profitetur.
1353 1664 1719 1723 Adverbium
1828 1660 1943 1723 tub
1980 1662 2338 1741 subintelligi
2364 1680 2481 1720 non
2525 1670 2617 1718 est
2654 1674 2761 1714 no-

292 1762 469 1802 vumz
509 1744 598 1805 sic
625 1743 934 1824 Ulpianus,
962 1745 1050 1805 sic
1093 1745 1310 1805 Cicero
1351 1743 1452 1803 lib.
1489 1742 1607 1801 111.
1653 1742 1715 1800 in
1800 1760 1989 1801 errem
2032 1754 2123 1801 est
2162 1741 2415 1801 locutus.
2500 1738 2599 1799 Sic
2628 1736 2759 1795 Ho-

291 1840 492 1883 merus
509 1818 740 1880 Ὀδύσσ.
767 1827 828 1881 Ρ.

777 1925 944 1983 Αἰτὰν
970 1924 1180 2007 ἔχονταί
1208 1946 1270 1984 σε
1300 1922 1534 2003 Βοόλομ’
1560 1923 1857 2005 ἐπαυρέμεν
1884 1918 1918 1999 ἥ
1940 1944 2064 1981 τινα,
2086 1925 2199 1980 τῶν
2228 1920 2298 1979 δὲ.

263 2098 278 2109 Ο
385 2028 484 2085 Ex
517 2029 660 2086 Act.
685 2026 738 2085 1.
765 2047 921 2087 scen.
949 2030 1001 2087 1.
1043 2030 1360 2109 perficies]
1408 2027 1573 2087 Alibi
1611 2028 1943 2104 pertendes.-
1990 2026 2047 2081 in
2074 2044 2247 2104 quam
2274 2020 2758 2101 significationem

301 2104 524 2165 dicitur
545 2104 582 2163 a
597 2104 878 2165 Terentio
903 2106 1370 2166 Heautontimor.
1404 2110 1540 2165 Act.
1564 2106 1638 2164 V.
1656 2123 1817 2165 scen.
1840 2105 1915 2163 V.
1957 2104 2129 2163 Video
2155 2125 2267 2163 non
2292 2101 2481 2173 licere,
2500 2110 2563 2159 ut
2582 2122 2665 2161 coe
2702 2120 2759 2161 e·

298 2204 452 2252 ram,
480 2183 584 2243 hoc
734 2184 952 2244 endere.
1009 2184 1105 2243 Ex
1135 2186 1276 2245 Act.
1307 2184 1390 2243 11.
1411 2204 1572 2243 scen.
1600 2184 1683 2243 11.
1728 2185 1828 2245 Ad
1850 2202 2063 2243 coenam
2090 2192 2153 2241 ut
2179 2182 2419 2257 veniat.]
2457 2182 2632 2241 C'oena
2680 2180 2761 2239 ilc

299 2280 583 2399 {22312’22‘2
615 2260 1361 2401 {issssffisscssiffisfflxiidg
1365 2262 1655 2399 {22³¹AE
1662 2261 1845 2400 ⁰32¹:
1850 2304 1867 2332 ’
1882 2270 2124 2399 {12‘3233
2152 2257 2759 2399 Esspeinss'sszffiii

290 2437 455 2479 scen.
482 2418 602 2477 111.
688 2418 1004 2495 Calidum]
1088 2418 1249 2478 Male
1279 2419 1565 2496 interpres
1586 2429 1752 2497 putat
1786 2416 2065 2478 Callidum
2092 2418 2321 2477 scriben
2368 2436 2463 2474 um
2488 2437 2503 2475 ε
2544 2432 2676 2474 nam
2696 2427 2760 2475 et

292 2494 494 2556 Graeci
521 2496 724 2574 θερμὸν
752 2497 976 2566 dicunt,
1008 2510 1070 2557 et
1098 2516 1298 2557 versus
1325 2497 1496 2556 aliter
1523 2517 1640 2555 non
1684 2508 1935 2557 constat.
2017 2498 2112 2556 Ex
2169 2498 2306 2555 Act.
2356 2494 2472 2553 111.
2516 2512 2675 2553 scen.
2704 2494 2752 2553 1.

291 2576 426 2647 Ha,
452 2575 548 2645 ha,
575 2574 720 2653 han]
768 2574 1128 2636 Posteriores
1157 2576 1291 2635 duae
1320 2576 1756 2651 interjectiones
1794 2575 2088 2634 histrionis
2126 2584 2281 2644 sunt,
2329 2584 2391 2631 et
2430 2585 2603 2632 extra
2628 2590 2758 2631 ver·

288 2672 440 2713 sum.
523 2652 677 2715 Vide
707 2652 892 2715 Andr.
929 2654 1206 2713 Act.1v.
1234 2673 1394 2712 scen.
1424 2652 1532 2711 lv.
1574 2666 1635 2713 et
1674 2654 2001 2713 Heautont.
2044 2654 2185 2712 Act.
2213 2652 2287 2709 V.
2334 2670 2493 2710 scen.
2540 2651 2589 2711 1.
2672 2650 2757 2710 Et

288 2751 451 2791 scen.
479 2732 564 2793 11.
659 2730 761 2792 Vel
774 2732 1042 2807 sobrius-J
1091 2730 1254 2791 Hinc
1284 2731 1526 2809 colliges
1552 2731 1852 2791 invitatam
1880 2733 2057 2791 fuisse
2084 2729 2370 2788 Thaidem
2387 2726 2617 2788 &milite
2636 2746 2755 2789 non

287 2808 364 2869 ad
391 2830 755 2889 vespernam,
787 2822 852 2869 ut
872 2822 1100 2869 veteres
1126 2810 1536 2889 loquebantur,
1568 2811 1705 2869 cum
1733 2810 1927 2872 adhuc
1955 2818 2106 2870 esset
2133 2807 2396 2877 sobrius3
2436 2806 2569 2865 vide
2596 2808 2757 2888 quod

286 2889 467 2979 snpra
509 2888 836 2948 notavimus
876 2888 1020 2947 Act.
1050 2888 1134 2947 11.
1161 2906 1323 2947 scen.
1351 2888 1436 2947 11.
1493 2888 1646 2949 Vide
1686 2890 1829 2949 Act.
1848 2888 1954 2946 IV.
1982 2906 2143 2951 scen.
2171 2884 2313 2947 VII.
2341 2905 2511 2946 versu
2550 2886 2757 2965 penul·

284 2978 455 3025 timo.

372 3045 609 3102 Parata
637 3046 840 3103 omnia.
881 3044 998 3105 Gn.
1016 3046 1164 3123 fiat.
1244 3044 1389 3105 Tha.
1433 3046 1543 3107 dili
1580 3055 1760 3115 enter,
1804 3044 2099 3126 Pythias]
2184 3044 2312 3101 Aut
2331 3040 2543 3119 prasio
2568 3042 2756 3101 omnia

292 3120 678 3179 scribendum
705 3133 814 3190 est,
840 3132 940 3181 aut
961 3125 1086 3201 fiat
1122 3122 1346 3201 syllaba
1384 3145 1499 3184 una
1564 3122 1852 3190 aciunda;
1892 3120 2051 3201 quod
2096 3120 2280 3197 magis
2320 3119 2534 3197 placet,
2570 3128 2753 3197 parta

293 3196 495 3258 omnia
523 3197 868 3271 maluissem,
916 3200 964 3259 si
1013 3201 1332 3280 proprietas
1376 3203 1657 3263 sermonis
1702 3218 1871 3283 passa
1914 3197 2139 3267 fuisset,
2188 3214 2304 3255 non
2353 3196 2505 3253 enim
2544 3216 2758 3284 parere

289 3295 528 3337 coenam
558 3276 824 3349 dicimus,
852 3278 954 3339 sed
973 3300 1212 3363 parare.
1291 3280 1373 3341 Et
1407 3300 1566 3341 seen.
1607 3280 1716 3341 lv.
1797 3278 1935 3339 Nisi
1961 3276 2229 3357 quicquid
2252 3274 2383 3349 σιὼ]
2469 3274 2606 3332 Νιεί
2686 3292 2753 3333 ro

281 3356 404 3421 sed.
436 3354 554 3413 vid.
583 3355 739 3415 Adel
786 3357 842 3415 h.
871 3362 1014 3417 Act.
1043 3357 1090 3415 1.
1117 3378 1276 3417 scen.
1306 3360 1390 3419 11.
1417 3378 1647 3418 versum
1676 3356 1967 3417 ultimum.
2030 3354 2127 3412 Ex
2158 3356 2297 3412 Act.
2328 3350 2435 3411 1v.
2462 3370 2621 3412 scen.
2678 3352 2755 3413 V.

375 3434 582 3493 Verum
610 3433 744 3496 herc
819 3436 922 3497 hoc
945 3436 1172 3495 verbum
1199 3446 1300 3507 est,
1328 3439 1450 3497 sine
1493 3438 1703 3497 Cerere
1727 3446 1783 3496 et
1810 3434 2020 3495 Libero
2023 3434 2220 3514 stiget
2264 3430 2501 3507 Venus-J
2604 3430 2755 3491 Ver-

281 3530 412 3571 sum
442 3512 606 3571 hunc
633 3513 748 3571 scri
794 3527 916 3574 tum
944 3514 1122 3573 etiam
1150 3514 1266 3573 boc
1293 3516 1467 3574 modo
1498 3516 1763 3594 reperio:

283 3666 300 3681 .
375 3592 582 3681 Verum
603 3533 790 3650 bereg
811 3592 1037 3653 verbum
1063 3590 1168 3653 hoc
1193 3602 1296 3663 est,
1324 3594 1446 3653 sine
1476 3596 1687 3653 Cerere
1712 3604 1767 3653 et
1793 3593 2023 3653 Baccho
2022 3592 2229 3673 friget
2270 3591 2469 3679 (enus-
2550 3590 2758 3667 Atque

281 3680 366 3725 xta
389 3688 440 3727 si
467 3668 723 3746 legatur,
750 3669 1037 3730 iambicus
1079 3670 1190 3729 erit
1233 3684 1426 3731 octon.
1466 3672 1778 3731 acatalect.
1819 3672 2019 3750 quales
2046 3682 2107 3731 et
2134 3685 2464 3747 superiores
2506 3678 2569 3725 et
2608 3666 2755 3726 infe-

283 3744 466 3803 riores
495 3765 719 3806 omnes.
801 3746 932 3807 Nisi
960 3748 1104 3806 velis
1145 3749 1358 3809 Libero
1385 3770 1512 3808 esse
1552 3748 1875 3828 dactylum.
1955 3748 2106 3806 Vide
2148 3764 2281 3826 quae
2321 3743 2377 3800 in
2407 3745 2759 3807 versiculum

285 3820 450 3879 illum
481 3824 889 3901 Adelphorum
919 3827 1064 3884 Act.
1092 3826 1179 3884 11.
1205 3844 1365 3885 scen.
1396 3828 1444 3884 1.
1486 3839 1577 3887 est
1622 3828 1659 3883 a
1698 3829 1867 3887 nobis
1902 3825 2263 3885 adnotatum.
2352 3822 2433 3881 Et
2457 3842 2619 3883 soen.
2648 3824 2756 3881 vl.

289 3898 409 3957 Aba·
434 3902 550 3975 tm]
598 3904 714 3962 Abi
781 3904 1068 3963 osteriore
1095 3905 1389 3995 correpta·
2322 3946 2329 3956 -
2472 3953 2481 3961 ·

369 3974 454 4035 Et
473 3996 630 4037 scen.
654 3980 738 4038 vl
779 4022 796 4039 .
834 3983 1144 4062 Domique,
1148 3986 1410 4063 foetuque,
1417 3985 1534 4060 fi¹⁶
1560 3984 1803 4043 vicissim
1824 3992 1889 4041 ut
1902 3980 2271 4055 memineris-J
2322 3979 2485 4039 Hinc
2512 3980 2755 4058 colligas

281 4072 406 4113 non
437 4054 614 4116 fuisse
641 4058 716 4117 ad
741 4078 1108 4138 vespernam,
1159 4072 1224 4119 ut
1262 4073 1400 4119 ante
1437 4060 1777 4121 dicebamus
1809 4064 1950 4119 Aet.
1993 4059 2111 4118 111.
2137 4077 2299 4118 scen.
2327 4058 2411 4116 ΙΙ.
2456 4058 2757 4120 invitatam

284 4132 608 4211 Thaidem,
634 4136 770 4197 cum
797 4138 1006 4197 eodem
1051 4137 1148 4200 die
1194 4140 1389 4216 Sanga
1427 4157 1655 4217 coquus
1688 4140 1723 4196 a
1768 4136 2083 4198 Gnathone
2110 4136 2199 4195 sui
2227 4136 2397 4195 officii
2425 4154 2761 4196 commone·

277 4210 405 4271 fiat.
493 4210 810 4285 Praeterea,
834 4214 996 4295 quod
1017 4217 1200 4277 multo
1229 4216 1547 4275 maximum
1576 4230 1665 4274 est
1684 4227 2113 4293 argumentum,
2138 4226 2231 4273 tot
2250 4233 2343 4273 res
2370 4226 2503 4293 post
2531 4230 2758 4274 coenam

278 4289 410 4367 geri
440 4290 656 4350 eodem
685 4291 782 4351 die
807 4313 922 4352 non
995 4304 1294 4363 otuerunt,
1323 4294 1369 4352 si
1399 4312 1627 4353 coenam
1657 4314 1765 4373 pro
1790 4312 1891 4353 ves
1934 4294 2073 4352 ern&
2099 4286 2397 4353 sumimus.

363 4363 464 4425 Ex
498 4371 639 4427 Act.
672 4366 745 4427 V.
774 4390 934 4431 scen.
953 4312 1038 4429 ql.
1087 4372 1256 4441 Quod
1276 4372 1502 4431 moechis
1528 4370 1717 4447 solet-J
1804 4372 1889 4430 At
1932 4370 2195 4429 enienses
2217 4366 2461 4429 moechis
2478 4362 2762 4442 pudenda

274 4456 338 4509 et
367 4446 546 4507 sedes
573 4448 956 4528 expilabant:
1001 4450 1162 4527 quod
1189 4449 1462 4530 supplicii
1493 4468 1683 4527 genus
1706 4446 2053 4532 παρατιλμός
2082 4448 2405 4507 dicebatur.
