3067 4959
340 341 480 406 cxiv
837 331 1370 400 PROLEGOM
1381 329 1570 394 ENA
1614 329 1681 392 T
1684 315 2005 394 ERENT
2010 327 2260 392 IANA.

1279 495 1374 554 IN
1415 491 1869 554 HECYRAM.

1403 590 1749 633 raorAsrs.

423 660 706 720 UxoasM
762 655 938 714 duxit
985 653 1344 730 Pamphilus,
1395 650 1530 710 cum
1582 649 1891 709 Bacchidis
1934 646 2321 707 meretriculae
2373 666 2577 707 amore
2624 659 2839 710 tanto-

341 757 484 817 pere
512 747 829 803 teneretur,
863 744 925 791 ut
955 732 1184 790 duobus
1213 729 1508 789 mensibus
1538 747 1783 788 uxorem
1812 747 1885 787 ne
1912 727 2230 804 attingeret
2256 725 2514 805 quidem.
2598 729 2833 788 Postea

343 831 448 894 per
475 811 953 874 consuetudinem
983 810 1207 868 animus
1233 809 1424 866 victus
1451 819 1581 865 est:
1626 805 1808 884 coepit
1828 807 2065 884 placere
2093 823 2265 863 uxor.
2322 805 2505 863 Porro
2528 803 2667 866 cum
2692 807 2827 884 ipse

343 892 586 972 peregre
615 893 862 957 abesset,
895 888 992 946 illa
1017 887 1254 946 domum
1279 886 1430 944 redit
1455 885 1530 944 ad
1562 897 1826 952 matrem,
1846 895 2025 962 atque
2054 883 2129 941 ibi
2162 883 2313 960 parit
2340 902 2538 942 mense
2560 886 2825 962 septimo

337 981 648 1050 postquam
695 967 984 1046 nupsisset
1026 965 1350 1044 Pamphilo.
1433 963 1583 1022 Eam
1614 981 1733 1022 rem
1764 962 1918 1020 celat
1945 975 2006 1021 et
2033 961 2231 1020 affines
2278 972 2337 1019 et
2379 973 2605 1040 patrem
2648 982 2823 1021 anus.

345 1048 462 1110 Ubi
497 1045 826 1123 Pamphilus
853 1043 1025 1110 redit,
1069 1061 1198 1102 com
1244 1043 1356 1102 erit
1383 1042 1696 1120 peperisse.
1782 1041 1905 1099 Hic
1934 1039 2189 1118 graviter
2214 1039 2361 1097 adeo
2389 1053 2819 1112 commovetur,

341 1125 476 1185 cum
503 1124 740 1183 aliunde
767 1141 952 1182 conce
995 1120 1106 1179 isse
1123 1123 1505 1180 existimaret.
1594 1119 1672 1177 Et
1699 1118 1832 1177 cum
1860 1137 1967 1196 per
1994 1137 2123 1176 sese
2146 1116 2346 1176 dolent
2363 1137 2457 1176 res
2482 1118 2815 1197 Pamphilo,

345 1204 615 1280 (amabat
641 1201 794 1260 enim
835 1199 1282 1268 mulierculam)
1308 1208 1432 1256 tum
1463 1198 1771 1256 molestum
1806 1207 1895 1256 est
1928 1197 2001 1254 ab
2044 1197 2116 1255 ea
2149 1195 2382 1254 divelli:
2424 1216 2616 1275 neque
2656 1197 2818 1256 enim

337 1281 648 1340 honestum
677 1289 804 1338 erat
831 1278 1133 1338 reducere.
1215 1276 1593 1336 Periclitatur
1616 1275 1818 1354 itaque
1856 1273 2215 1352 Pamphilus,
2244 1275 2542 1350 quomodo
2568 1275 2817 1335 honeste

337 1359 596 1418 dimittat
623 1376 890 1426 uxorem,
917 1375 1066 1414 neve
1091 1355 1246 1416 illius
1273 1365 1587 1434 peccatum
1614 1355 1910 1432 proderet.
1994 1353 2143 1410 Hoec
2168 1351 2386 1410 fabulae
2412 1353 2660 1432 protasis
2700 1367 2814 1414 est.

1417 1449 1737 1490 ιιΡιτΛειε.

423 1515 649 1573 Instant
677 1524 843 1591 pater
871 1522 932 1570 et
951 1530 1140 1582 socer,
1169 1509 1336 1569 inscii
1365 1509 1508 1601 quid
1529 1510 1860 1577 accidisset,
1892 1519 1955 1566 ut
1982 1506 2222 1566 domum
2244 1507 2529 1568 reducat:
2568 1527 2815 1586 praeser-

337 1593 444 1652 tim
474 1591 607 1651 cum
629 1611 744 1650 nec
770 1609 996 1660 socrus,
1023 1607 1134 1648 nec
1163 1601 1368 1658 mater,
1393 1588 1449 1646 td
1479 1589 1639 1665 quod
1670 1607 1837 1646 senes
1866 1585 2006 1644 falso
2028 1585 2309 1664 suspicati
2328 1585 2582 1656 ruerant,
2612 1588 2814 1646 obsta-

339 1683 488 1730 rent.
527 1673 880 1747 Quanquam
897 1680 1092 1726 autem
1155 1667 1440 1726 ermoveri
1463 1685 1578 1723 non
1598 1677 1795 1744 posset
1814 1663 2153 1741 Pamphilus
2172 1675 2237 1722 ut
2256 1665 2591 1736 reduceret,
2614 1676 2812 1724 tamen

335 1769 573 1809 causam
601 1746 1062 1806 constantissime
1139 1743 1438 1805 issimulat.
1517 1745 1648 1804 Itur
1676 1747 1765 1814 eo,
1796 1754 1861 1802 ut
1888 1753 2099 1822 putent
2128 1742 2443 1802 Bacchidis
2481 1761 2677 1803 amore
2706 1745 2813 1802 de-

337 1827 620 1898 vinctum,
649 1825 840 1885 alieno
860 1825 934 1884 ab
963 1841 1152 1884 uxore
1179 1823 1373 1882 animo
1399 1841 1548 1882 esse.

1325 1919 1828 1960 cat-manturna.
2438 1973 2447 1978 -

415 1981 668 2042 Bacchis
685 1981 991 2050 accersita,
1013 1979 1186 2039 fidem
1207 1977 1349 2038 facit
1371 1979 1509 2038 nihil
1529 1979 1637 2038 sibi
1656 1999 1792 2038 cum
1816 1975 2121 2055 Pamphilo
2142 1976 2225 2035 rei
2242 1995 2390 2036 esse.
2474 1978 2597 2036 Hic
2610 1987 2811 2036 autem

335 2061 702 2140 prodendum
727 2071 1036 2138 peccatum
1067 2057 1268 2117 uxoris
1313 2057 1448 2127 fuit,
1495 2069 1601 2116 aut
1640 2056 2009 2117 reducenda:
2053 2053 2256 2113 verum
2301 2073 2443 2114 casu
2524 2055 2811 2114 ericulum

337 2141 668 2199 discutitur.
750 2139 923 2196 Forte
949 2137 1102 2196 enim
1133 2135 1496 2195 Philumena!
1512 2137 1789 2194 annulum
1818 2151 2021 2193 socrus
2038 2133 2095 2190 in
2118 2133 2303 2210 digito
2326 2133 2489 2193 Bacc
2532 2133 2641 2192 idis
2668 2151 2809 2191 con-

331 2217 550 2295 spexit,
581 2235 752 2292 quem
783 2214 920 2272 olim
953 2213 1288 2290 Pamphilus
1310 2225 1593 2292 stuprate
1608 2213 1665 2270 in
1696 2213 1951 2272 tenebris
1975 2211 2333 2270 Philumenae
2347 2211 2709 2272 detraxerat.
2748 2213 2811 2270 Is

335 2295 584 2352 annulus
611 2301 862 2350 testatur
889 2311 964 2348 ex
1001 2291 1304 2367 Pamphilo
1327 2309 1574 2365 puerum
1596 2303 1934 2368 susceptum
1964 2308 2108 2347 esse.
2190 2290 2285 2348 lta
2305 2290 2455 2348 redit
2474 2291 2535 2348 in
2555 2289 2809 2380 gratiam

336 2389 470 2430 cum
501 2387 686 2427 uxore
707 2367 1062 2446 Pamphilus.
1143 2369 1181 2426 J
1187 2368 1421 2426 ucunda
1447 2381 1538 2426 est
1560 2387 1694 2426 curn
1718 2369 2001 2427 uxoribus
2021 2387 2228 2426 senum
2250 2379 2627 2436 concertatio,
2672 2387 2809 2446 quae

333 2460 535 2506 monet
561 2465 717 2523 saepe
745 2465 940 2504 errore
969 2457 1030 2504 et
1055 2445 1212 2504 falsis
1255 2446 1687 2524 suspicionibus
1713 2445 1839 2504 fieri
1868 2459 1934 2504 ut
1959 2445 2305 2504 dissentiant
2344 2448 2646 2524 con‘uges.
2732 2447 2808 2504 In

333 2525 534 2606 primis
560 2535 756 2584 autem
782 2523 1022 2602 insignis
1047 2535 1138 2582 est
1165 2523 1492 2582 humanitas
1519 2536 1582 2582 et
1606 2523 1753 2582 fides
1782 2523 2070 2602 Pamphili
2099 2523 2155 2582 in
2178 2523 2289 2584 hac
2314 2467 2531 2584 fabula.

1200 2617 1294 2676 IN
1335 2617 1960 2680 PHORMIONEM.

1397 2715 1741 2756 rao-raam.

413 2777 560 2837 Cura
613 2775 898 2867 Antipho,
945 2776 1188 2836 absente
1215 2785 1404 2852 patre,
1434 2775 1494 2833 in
1521 2776 1776 2855 puellam
1820 2775 2110 2855 quandam
2142 2775 2313 2834 unice
2339 2775 2417 2835 de
2460 2775 2660 2846 eriret,
2692 2797 2802 2838 nec

331 2867 531 2935 posset
557 2859 628 2914 ea
651 2855 848 2932 potiri,
877 2855 984 2913 nisi
1015 2871 1260 2913 uxorem
1301 2853 1566 2923 duceret,
1596 2857 1748 2932 (erat
1774 2855 1929 2914 enim
1956 2854 2099 2912 civis
2130 2854 2380 2926 Attica,)
2434 2855 2560 2912 orte
2588 2856 2803 2933 nuptiae

331 2933 620 2994 confectas
641 2945 778 2993 sunt
805 2933 1032 2992 technis
1057 2931 1440 3010 sycophantae
1466 2935 1771 3012 cujusdam
1804 2932 2188 2992 Phormionis.
2270 2933 2330 2990 Is
2358 2932 2512 2991 enim
2540 2951 2613 2990 ex
2644 2953 2803 2992 com-

331 3013 524 3093 posito
552 3012 705 3072 diem
735 3011 879 3072 dicit
914 3009 1261 3090 Antiphoni,
1291 3011 1460 3090 fingit
1485 3013 1739 3092 puellam
1768 3012 1823 3071 ei
1852 3023 2160 3090 cognatam
2192 3029 2337 3080 esse,
2380 3029 2575 3088 neque
2617 3031 2802 3090 quen·-

331 3111 505 3171 quam
527 3091 702 3162 alium
731 3091 1062 3172 propiorem
1089 3089 1186 3150 cui
1215 3091 1418 3151 nubat.
1481 3092 1677 3152 Facile
1700 3102 1792 3152 est
1813 3090 2047 3150 vincere
2067 3109 2181 3148 non
2204 3100 2649 3168 repugnantem.
2708 3091 2803 3150 Ita

329 3171 559 3250 legibus
586 3171 803 3232 ducere
831 3170 1064 3250 cogitur
1095 3169 1382 3247 Antipho.

1431 3265 1755 3306 arra-asts,

409 3327 547 3386 Non
590 3329 871 3406 probatur
897 3345 1073 3386 avaro
1101 3324 1274 3403 patri,
1321 3324 1423 3382 ubi
1465 3325 1661 3394 rediit,
1692 3325 1948 3383 factum:
1992 3335 2058 3383 ut
2098 3324 2199 3402 qui
2227 3323 2481 3384 malebat
2506 3322 2629 3384 filio
2736 3343 2803 3382 u·

327 3406 544 3464 lentam
573 3405 824 3482 aliquam
851 3415 910 3462 et
941 3405 1201 3462 dotatam
1244 3401 1580 3460 obtrudere.
1660 3405 1857 3468 Quare
1896 3421 2029 3460 cum
2064 3401 2416 3462 Phormione
2442 3415 2699 3481 expostu
2720 3415 2801 3473 at,

329 3500 436 3539 cur
463 3482 522 3537 in
549 3480 653 3538 has
701 3482 932 3556 nuptias
959 3501 1022 3540 se
1049 3481 1291 3540 absente
1317 3479 1498 3538 filium
1545 3479 1883 3556 conjecerit.
1965 3480 2230 3539 Tandem
2268 3481 2585 3559 paciscitur
2626 3481 2802 3540 etiam

327 3556 660 3616 mercedem
689 3558 872 3616 minas
899 3559 1158 3635 triginta,
1181 3557 1231 3614 si
1259 3556 1551 3634 receperit
1576 3557 1651 3616 ad
1672 3577 1801 3616 sese
1822 3559 2103 3649 puellam.
2185 3559 2277 3618 Ibi
2298 3563 2434 3617 νει-ὸ
2452 3571 2514 3618 et
2534 3560 2683 3619 A'nti
2724 3559 2803 3617 ho

326 3637 388 3694 in
415 3634 726 3694 discrimen
753 3635 932 3704 venit,
959 3655 1035 3693 ne
1063 3655 1167 3714 per
1195 3653 1322 3692 eam
1353 3634 1770 3706 conditionem,
1820 3656 1943 3716 ipse
1970 3637 2142 3696 unice
2170 3657 2365 3696 caram
2394 3649 2457 3698 et
2474 3641 2663 3716 Jucun
2708 3657 2801 3697 am

327 3715 640 3792 conjugem
669 3712 985 3772 amitteret.

1309 3807 1816 3851 carna-raonis.

403 3869 640 3928 Interea
659 3869 896 3927 domum
926 3867 1078 3926 redit
1097 3878 1159 3926 et
1177 3878 1422 3944 patruus
1453 3869 1829 3948 Antiphonis,
1859 3870 1952 3931 hic
1979 3870 2155 3929 fidem
2183 3871 2327 3930 facit
2346 3870 2601 3949 puellam
2629 3870 2801 3930 Anti-

323 3949 504 4028 phoni
533 3959 794 4026 nuptam,
825 3967 904 4006 ex
930 3965 994 4005 se
1021 3946 1078 4003 in
1109 3944 1336 4005 Lemno
1357 3965 1691 4039 susceptam
1720 3968 1867 4018 esse,
1888 3950 1987 4008 ubi
2016 3969 2150 4008 cum
2180 3949 2527 4010 muliercula
2546 3949 2800 4028 quadam

325 4027 726 4096 consueverit3
766 4025 1104 4104 gaudetque
1132 4025 1214 4082 ita
1240 4043 1382 4084 casu
1411 4027 1717 4096 cec1disse,
1756 4047 1819 4085 se
1844 4029 2107 4098 absente,
2136 4040 2207 4087 ut
2234 4028 2283 4086 is
2310 4028 2577 4096 duceret,
2622 4046 2799 4106 quem

321 4103 574 4163 maxime
601 4103 724 4181 ipse
744 4123 1026 4182 generum
1054 4115 1318 4194 cuperet,
1347 4115 1406 4162 et
1425 4105 1599 4182 paulo
1618 4107 1755 4163 ante
1780 4107 2057 4166 ambibat.
2136 4107 2232 4165 lta
2257 4105 2323 4165 fit
2350 4117 2416 4164 ut
2444 4118 2507 4166 et
2530 4105 2799 4184 Antipho

321 4181 572 4244 retineat
601 4201 867 4252 uxorem,
895 4194 958 4242 et
984 4194 1204 4260 nuptiae
1225 4182 1376 4260 patri
1405 4184 1748 4260 probentur.
1884 4243 1889 4250 ,

1001 4277 1302 4320 saeuum
1346 4278 1869 4320 caras-rnorem
1910 4279 2104 4322 raas·

400 4340 584 4399 Porro
637 4337 708 4396 tri
753 4337 876 4396 inta
922 4338 1092 4396 minae
1131 4357 1278 4416 quos
1298 4339 1488 4397 ·ludos
1527 4337 1876 4398 reddidere!
1938 4341 2063 4398 Has
2116 4351 2453 4401 extorserat
2498 4337 2797 4408 Phormio,

320 4437 650 4499 quanquam
680 4415 1066 4476 dtssimularet
1096 4415 1317 4476 dandas
1337 4416 1505 4476 alteri
1532 4415 1893 4476 adolescenti
1922 4416 2227 4490 Phaedriae,
2256 4419 2361 4498 qui
2386 4415 2799 4478 citharistriam

317 4511 712 4556 mercaretur:
741 4509 801 4554 et
814 4498 934 4575 jam
953 4493 1205 4573 perierat
1222 4495 1503 4574 pecunia:
1534 4513 1710 4574 quam
1730 4493 1863 4553 cum
1882 4511 2199 4575 reposcunt
2216 4515 2405 4565 senes,
2428 4496 2799 4574 sycophanta

318 4575 514 4650 prodit
543 4576 916 4635 Chremetem
945 4573 1099 4652 apud
1129 4591 1396 4644 uxorem,
1425 4585 1486 4631 et
1513 4574 1691 4632 docet
1718 4577 2032 4634 consuesse
2055 4595 2189 4634 cum
2210 4576 2323 4632 alia
2351 4574 2603 4651 quadam
2632 4587 2799 4650 pere·

317 4651 438 4724 gre,
469 4651 634 4709 simul
683 4673 754 4712 ue
782 4653 1074 4731 impetrat,
1105 4665 1170 4710 ut
1201 4651 1486 4710 Phaedriae
1514 4652 1571 4710 id
1602 4665 1909 4730 argentum
1932 4653 2317 4711 condonetur.
2406 4651 2633 4727 Estque
2656 4647 2796 4706 ridi-

318 4725 452 4781 cula
477 4728 649 4786 admo
693 4751 789 4787 um
819 4731 1204 4808 καταπροφῆς
1231 4751 1383 4809 pars,
1431 4731 1527 4789 ubi
1558 4731 1767 4789 mulier
1796 4731 2065 4789 maritum
2094 4732 2386 4804 obJurgat,
2418 4745 2623 4803 parum
2668 4743 2789 4782 me-

316 4815 536 4856 morem
565 4803 701 4861 fidei
729 4825 868 4864 suae.
2490 4820 2497 4826 '
