<?xml version="1.0" encoding="UTF-8"?>
<!DOCTYPE html PUBLIC "-//W3C//DTD XHTML 1.0 Transitional//EN"
    "http://www.w3.org/TR/xhtml1/DTD/xhtml1-transitional.dtd">
<html xmlns="http://www.w3.org/1999/xhtml" xml:lang="en" lang="en">
 <head>
  <title>
</title>
<meta http-equiv="Content-Type" content="text/html;charset=utf-8" />
  <meta name='ocr-system' content='tesseract 3.04.00' />
  <meta name='ocr-capabilities' content='ocr_page ocr_carea ocr_par ocr_line ocrx_word'/>
</head>
<body>
  <div class='ocr_page' id='page_1' title='image "./comdisex00unkngoog_0121.png"; bbox 0 0 3067 4959; ppageno 0'>
   <div class='ocr_carea' id='block_1_1' title="bbox 1091 306 2712 401">
    <p class='ocr_par' dir='ltr' id='par_1_1' title="bbox 1091 306 2712 401">
     <span class='ocr_line' id='line_1_1' title="bbox 1091 306 2712 401; baseline 0 -2"><span class='ocrx_word' id='word_1_1' title='bbox 1091 306 1097 313; x_wconf 78' lang='grc'><strong><em>’</em></strong></span> <span class='ocrx_word' id='word_1_2' title='bbox 1152 334 1793 399; x_wconf 83' lang='lat' dir='ltr'><strong>TERENTIANA.</strong></span> <span class='ocrx_word' id='word_1_3' title='bbox 2612 338 2712 401; x_wconf 64' lang='lat' dir='ltr'><strong>cxi</strong></span> 
     </span>
    </p>
   </div>
   <div class='ocr_carea' id='block_1_2' title="bbox 236 508 2792 4097">
    <p class='ocr_par' dir='ltr' id='par_1_2' title="bbox 1098 508 1864 553">
     <span class='ocr_line' id='line_1_2' title="bbox 1098 508 1864 553; baseline -0.004 -1"><span class='ocrx_word' id='word_1_4' title='bbox 1098 510 1484 553; x_wconf 68' lang='lat' dir='ltr'><strong>ramentum</strong></span> <span class='ocrx_word' id='word_1_5' title='bbox 1528 508 1864 552; x_wconf 66' lang='lat' dir='ltr'><strong>Paos-asra.</strong></span> 
     </span>
    </p>

    <p class='ocr_par' dir='ltr' id='par_1_3' title="bbox 236 570 2724 1201">
     <span class='ocr_line' id='line_1_3' title="bbox 326 570 2719 651; baseline -0.001 -16"><span class='ocrx_word' id='word_1_6' title='bbox 326 572 477 635; x_wconf 76' lang='lat' dir='ltr'><strong>Cum</strong></span> <span class='ocrx_word' id='word_1_7' title='bbox 506 585 733 633; x_wconf 87' lang='lat' dir='ltr'><strong>amaret</strong></span> <span class='ocrx_word' id='word_1_8' title='bbox 760 570 1091 651; x_wconf 74' lang='lat' dir='ltr'><strong>Pamphilus</strong></span> <span class='ocrx_word' id='word_1_9' title='bbox 1120 572 1487 649; x_wconf 79' lang='lat' dir='ltr'><strong>Glycerium,</strong></span> <span class='ocrx_word' id='word_1_10' title='bbox 1506 572 1678 649; x_wconf 88' lang='lat' dir='ltr'><strong>eique</strong></span> <span class='ocrx_word' id='word_1_11' title='bbox 1699 572 1872 630; x_wconf 82' lang='lat' dir='ltr'><strong>fidem</strong></span> <span class='ocrx_word' id='word_1_12' title='bbox 1892 571 2151 631; x_wconf 86' lang='lat' dir='ltr'><strong>dedisset</strong></span> <span class='ocrx_word' id='word_1_13' title='bbox 2169 572 2488 631; x_wconf 83' lang='lat' dir='ltr'><strong>ducturum</strong></span> <span class='ocrx_word' id='word_1_14' title='bbox 2511 590 2574 631; x_wconf 86' lang='lat' dir='ltr'><strong>se</strong></span> <span class='ocrx_word' id='word_1_15' title='bbox 2593 592 2719 632; x_wconf 85' lang='lat' dir='ltr'><strong>esse</strong></span> 
     </span>
     <span class='ocr_line' id='line_1_4' title="bbox 237 650 2722 731; baseline -0.001 -20"><span class='ocrx_word' id='word_1_16' title='bbox 237 672 519 722; x_wconf 86' lang='lat' dir='ltr'><strong>uxorem,</strong></span> <span class='ocrx_word' id='word_1_17' title='bbox 549 665 733 731; x_wconf 86' lang='lat' dir='ltr'><strong>pater,</strong></span> <span class='ocrx_word' id='word_1_18' title='bbox 762 653 863 731; x_wconf 91' lang='lat' dir='ltr'><strong>qui</strong></span> <span class='ocrx_word' id='word_1_19' title='bbox 905 670 1095 710; x_wconf 88' lang='lat' dir='ltr'><strong>amare</strong></span> <span class='ocrx_word' id='word_1_20' title='bbox 1136 652 1321 709; x_wconf 85' lang='lat' dir='ltr'><strong>filium</strong></span> <span class='ocrx_word' id='word_1_21' title='bbox 1368 662 1754 727; x_wconf 89' lang='lat' dir='ltr'><strong>compererat,</strong></span> <span class='ocrx_word' id='word_1_22' title='bbox 1797 650 2102 709; x_wconf 85' lang='lat' dir='ltr'><strong>consilium</strong></span> <span class='ocrx_word' id='word_1_23' title='bbox 2151 651 2312 729; x_wconf 86' lang='lat' dir='ltr'><strong>capit</strong></span> <span class='ocrx_word' id='word_1_24' title='bbox 2348 651 2722 710; x_wconf 86' lang='lat' dir='ltr'><strong>abstrahendi</strong></span> 
     </span>
     <span class='ocr_line' id='line_1_5' title="bbox 236 728 2722 809; baseline -0.001 -20"><span class='ocrx_word' id='word_1_25' title='bbox 236 736 377 809; x_wconf 86' lang='lat' dir='ltr'><strong>ejus</strong></span> <span class='ocrx_word' id='word_1_26' title='bbox 404 733 439 787; x_wconf 73' lang='lat' dir='ltr'><strong>a</strong></span> <span class='ocrx_word' id='word_1_27' title='bbox 460 731 761 809; x_wconf 79' lang='lat' dir='ltr'><strong>Glycerio,</strong></span> <span class='ocrx_word' id='word_1_28' title='bbox 788 730 1017 789; x_wconf 81' lang='lat' dir='ltr'><strong>simulat</strong></span> <span class='ocrx_word' id='word_1_29' title='bbox 1042 750 1105 788; x_wconf 92' lang='lat' dir='ltr'><strong>se</strong></span> <span class='ocrx_word' id='word_1_30' title='bbox 1132 748 1377 787; x_wconf 85' lang='lat' dir='ltr'><strong>uxorem</strong></span> <span class='ocrx_word' id='word_1_31' title='bbox 1422 729 1716 796; x_wconf 88' lang='lat' dir='ltr'><strong>daturum,</strong></span> <span class='ocrx_word' id='word_1_32' title='bbox 1756 729 2062 807; x_wconf 87' lang='lat' dir='ltr'><strong>poscitque</strong></span> <span class='ocrx_word' id='word_1_33' title='bbox 2091 740 2157 786; x_wconf 89' lang='lat' dir='ltr'><strong>ut</strong></span> <span class='ocrx_word' id='word_1_34' title='bbox 2185 748 2258 787; x_wconf 89' lang='lat' dir='ltr'><strong>ne</strong></span> <span class='ocrx_word' id='word_1_35' title='bbox 2285 728 2440 786; x_wconf 84' lang='lat' dir='ltr'><strong>filius</strong></span> <span class='ocrx_word' id='word_1_36' title='bbox 2465 728 2528 785; x_wconf 89' lang='lat' dir='ltr'><strong>id</strong></span> <span class='ocrx_word' id='word_1_37' title='bbox 2556 748 2722 787; x_wconf 89' lang='lat' dir='ltr'><strong>recu-</strong></span> 
     </span>
     <span class='ocr_line' id='line_1_6' title="bbox 237 806 2724 885; baseline -0.002 -18"><span class='ocrx_word' id='word_1_38' title='bbox 237 822 357 868; x_wconf 79' lang='lat' dir='ltr'><strong>set.</strong></span> <span class='ocrx_word' id='word_1_39' title='bbox 444 811 503 867; x_wconf 88' lang='lat' dir='ltr'><strong>Is</strong></span> <span class='ocrx_word' id='word_1_40' title='bbox 531 811 667 867; x_wconf 72' lang='lat' dir='ltr'><strong>cum</strong></span> <span class='ocrx_word' id='word_1_41' title='bbox 698 822 757 867; x_wconf 90' lang='lat' dir='ltr'><strong>et</strong></span> <span class='ocrx_word' id='word_1_42' title='bbox 777 822 997 885; x_wconf 87' lang='lat' dir='ltr'><strong>patrem</strong></span> <span class='ocrx_word' id='word_1_43' title='bbox 1020 822 1337 874; x_wconf 76' lang='lat' dir='ltr'>vereretur,</span> <span class='ocrx_word' id='word_1_44' title='bbox 1377 819 1439 865; x_wconf 91' lang='lat' dir='ltr'><strong>et</strong></span> <span class='ocrx_word' id='word_1_45' title='bbox 1474 807 1818 884; x_wconf 83' lang='lat' dir='ltr'><strong>Glycerium</strong></span> <span class='ocrx_word' id='word_1_46' title='bbox 1857 807 2128 866; x_wconf 81' lang='lat' dir='ltr'><strong>deserere</strong></span> <span class='ocrx_word' id='word_1_47' title='bbox 2147 826 2354 885; x_wconf 89' lang='lat' dir='ltr'><strong>parum</strong></span> <span class='ocrx_word' id='word_1_48' title='bbox 2381 806 2543 884; x_wconf 88' lang='lat' dir='ltr'><strong>pium</strong></span> <span class='ocrx_word' id='word_1_49' title='bbox 2561 806 2724 881; x_wconf 86' lang='lat' dir='ltr'><strong>judi-</strong></span> 
     </span>
     <span class='ocr_line' id='line_1_7' title="bbox 239 884 2722 965; baseline -0.002 -19"><span class='ocrx_word' id='word_1_50' title='bbox 239 900 433 956; x_wconf 83' lang='lat' dir='ltr'><strong>caret,</strong></span> <span class='ocrx_word' id='word_1_51' title='bbox 462 888 688 965; x_wconf 84' lang='lat' dir='ltr'><strong>pendet</strong></span> <span class='ocrx_word' id='word_1_52' title='bbox 714 888 908 955; x_wconf 88' lang='lat' dir='ltr'><strong>animi,</strong></span> <span class='ocrx_word' id='word_1_53' title='bbox 938 906 1046 946; x_wconf 89' lang='lat' dir='ltr'><strong>nec</strong></span> <span class='ocrx_word' id='word_1_54' title='bbox 1073 888 1248 945; x_wconf 87' lang='lat' dir='ltr'><strong>habet</strong></span> <span class='ocrx_word' id='word_1_55' title='bbox 1277 886 1399 963; x_wconf 71' lang='lat' dir='ltr'><strong>qud</strong></span> <span class='ocrx_word' id='word_1_56' title='bbox 1426 905 1491 943; x_wconf 91' lang='lat' dir='ltr'><strong>se</strong></span> <span class='ocrx_word' id='word_1_57' title='bbox 1514 896 1724 943; x_wconf 86' lang='lat' dir='ltr'><strong>vortat.</strong></span> <span class='ocrx_word' id='word_1_58' title='bbox 1769 884 1860 943; x_wconf 88' lang='lat' dir='ltr'><strong>Ibi</strong></span> <span class='ocrx_word' id='word_1_59' title='bbox 1887 884 2090 943; x_wconf 84' lang='lat' dir='ltr'><strong>Davus</strong></span> <span class='ocrx_word' id='word_1_60' title='bbox 2107 884 2439 961; x_wconf 81' lang='lat' dir='ltr'><strong>intelligens</strong></span> <span class='ocrx_word' id='word_1_61' title='bbox 2460 884 2722 942; x_wconf 86' lang='lat' dir='ltr'><strong>simulari</strong></span> 
     </span>
     <span class='ocr_line' id='line_1_8' title="bbox 238 962 2722 1053; baseline -0 -31"><span class='ocrx_word' id='word_1_62' title='bbox 238 984 371 1023; x_wconf 88' lang='lat' dir='ltr'><strong>rem</strong></span> <span class='ocrx_word' id='word_1_63' title='bbox 415 966 452 1023; x_wconf 68' lang='grc' dir='ltr'><strong>ἃ</strong></span> <span class='ocrx_word' id='word_1_64' title='bbox 480 978 669 1043; x_wconf 88' lang='lat' dir='ltr'><strong>patre,</strong></span> <span class='ocrx_word' id='word_1_65' title='bbox 719 965 970 1024; x_wconf 86' lang='lat' dir='ltr'><strong>consulit</strong></span> <span class='ocrx_word' id='word_1_66' title='bbox 1012 964 1173 1023; x_wconf 87' lang='lat' dir='ltr'><strong>herili</strong></span> <span class='ocrx_word' id='word_1_67' title='bbox 1200 964 1339 1034; x_wconf 88' lang='lat' dir='ltr'><strong>filio,</strong></span> <span class='ocrx_word' id='word_1_68' title='bbox 1384 976 1452 1021; x_wconf 88' lang='lat' dir='ltr'><strong>ut</strong></span> <span class='ocrx_word' id='word_1_69' title='bbox 1492 963 1840 1040; x_wconf 88' lang='lat' dir='ltr'><strong>polliceatur</strong></span> <span class='ocrx_word' id='word_1_70' title='bbox 1879 962 2051 1041; x_wconf 90' lang='lat' dir='ltr'><strong>patri,</strong></span> <span class='ocrx_word' id='word_1_71' title='bbox 2079 964 2230 1023; x_wconf 87' lang='lat' dir='ltr'><strong>sein</strong></span> <span class='ocrx_word' id='word_1_72' title='bbox 2261 965 2386 1039; x_wconf 81' lang='lat' dir='ltr'><strong>ejus</strong></span> <span class='ocrx_word' id='word_1_73' title='bbox 2423 973 2722 1053; x_wconf 74' lang='lat' dir='ltr'><strong>potestate</strong></span> 
     </span>
     <span class='ocr_line' id='line_1_9' title="bbox 238 1039 2720 1121; baseline 0 -22"><span class='ocrx_word' id='word_1_74' title='bbox 238 1044 539 1111; x_wconf 82' lang='lat' dir='ltr'><strong>futurum,</strong></span> <span class='ocrx_word' id='word_1_75' title='bbox 570 1042 815 1121; x_wconf 86' lang='lat' dir='ltr'><strong>periculi</strong></span> <span class='ocrx_word' id='word_1_76' title='bbox 846 1044 983 1101; x_wconf 86' lang='lat' dir='ltr'><strong>nihil</strong></span> <span class='ocrx_word' id='word_1_77' title='bbox 1010 1062 1152 1109; x_wconf 87' lang='lat' dir='ltr'><strong>esse,</strong></span> <span class='ocrx_word' id='word_1_78' title='bbox 1194 1042 1668 1121; x_wconf 86' lang='lat' dir='ltr'><strong>quandoquidem</strong></span> <span class='ocrx_word' id='word_1_79' title='bbox 1698 1040 2044 1101; x_wconf 77' lang='lat' dir='ltr'><strong>simulentur</strong></span> <span class='ocrx_word' id='word_1_80' title='bbox 2071 1041 2326 1119; x_wconf 79' lang='lat' dir='ltr'><strong>nuptiae3</strong></span> <span class='ocrx_word' id='word_1_81' title='bbox 2365 1039 2520 1099; x_wconf 69' lang='lat' dir='ltr'><strong>filius</strong></span> <span class='ocrx_word' id='word_1_82' title='bbox 2548 1042 2720 1099; x_wconf 80' lang='lat' dir='ltr'><strong>obse-</strong></span> 
     </span>
     <span class='ocr_line' id='line_1_10' title="bbox 241 1119 2386 1201; baseline -0 -22"><span class='ocrx_word' id='word_1_83' title='bbox 241 1122 469 1199; x_wconf 89' lang='lat' dir='ltr'><strong>quitur,</strong></span> <span class='ocrx_word' id='word_1_84' title='bbox 499 1142 835 1200; x_wconf 81' lang='lat' dir='ltr'><strong>quanquam</strong></span> <span class='ocrx_word' id='word_1_85' title='bbox 863 1123 1017 1201; x_wconf 71' lang='lat' dir='ltr'><strong>aegre</strong></span> <span class='ocrx_word' id='word_1_86' title='bbox 1044 1121 1348 1201; x_wconf 86' lang='lat' dir='ltr'><strong>pollicetur</strong></span> <span class='ocrx_word' id='word_1_87' title='bbox 1377 1120 1527 1199; x_wconf 89' lang='lat' dir='ltr'><strong>patri</strong></span> <span class='ocrx_word' id='word_1_88' title='bbox 1555 1120 1872 1179; x_wconf 88' lang='lat' dir='ltr'><strong>ducturum</strong></span> <span class='ocrx_word' id='word_1_89' title='bbox 1900 1138 1966 1178; x_wconf 83' lang='lat' dir='ltr'><strong>se</strong></span> <span class='ocrx_word' id='word_1_90' title='bbox 1991 1140 2166 1198; x_wconf 88' lang='lat' dir='ltr'><strong>quam</strong></span> <span class='ocrx_word' id='word_1_91' title='bbox 2195 1119 2386 1179; x_wconf 83' lang='lat' dir='ltr'><strong>vellet.</strong></span> 
     </span>
    </p>

    <p class='ocr_par' dir='ltr' id='par_1_4' title="bbox 1324 1216 1649 1257">
     <span class='ocr_line' id='line_1_11' title="bbox 1324 1216 1649 1257; baseline -0.006 0"><span class='ocrx_word' id='word_1_92' title='bbox 1324 1216 1649 1257; x_wconf 69' lang='lat' dir='ltr'><strong>aurasia.</strong></span> 
     </span>
    </p>

    <p class='ocr_par' dir='ltr' id='par_1_5' title="bbox 248 1274 2726 1977">
     <span class='ocr_line' id='line_1_12' title="bbox 332 1274 2720 1357; baseline -0 -21"><span class='ocrx_word' id='word_1_93' title='bbox 332 1280 567 1337; x_wconf 78' lang='lat' dir='ltr'><strong>Interea</strong></span> <span class='ocrx_word' id='word_1_94' title='bbox 598 1278 899 1357; x_wconf 85' lang='lat' dir='ltr'><strong>spargitur</strong></span> <span class='ocrx_word' id='word_1_95' title='bbox 924 1278 999 1337; x_wconf 90' lang='lat' dir='ltr'><strong>de</strong></span> <span class='ocrx_word' id='word_1_96' title='bbox 1024 1278 1309 1357; x_wconf 81' lang='lat' dir='ltr'><strong>Pamphili</strong></span> <span class='ocrx_word' id='word_1_97' title='bbox 1359 1276 1578 1355; x_wconf 84' lang='lat' dir='ltr'><strong>nuptiis</strong></span> <span class='ocrx_word' id='word_1_98' title='bbox 1623 1296 1842 1347; x_wconf 87' lang='lat' dir='ltr'><strong>rumor,</strong></span> <span class='ocrx_word' id='word_1_99' title='bbox 1893 1276 2219 1335; x_wconf 77' lang='lat' dir='ltr'><strong>resciscunt</strong></span> <span class='ocrx_word' id='word_1_100' title='bbox 2255 1284 2315 1333; x_wconf 91' lang='lat' dir='ltr'><strong>et</strong></span> <span class='ocrx_word' id='word_1_101' title='bbox 2341 1274 2720 1345; x_wconf 64' lang='lat' dir='ltr'><strong>muliercule,</strong></span> 
     </span>
     <span class='ocr_line' id='line_1_13' title="bbox 248 1352 2724 1434; baseline -0 -19"><span class='ocrx_word' id='word_1_102' title='bbox 248 1357 461 1434; x_wconf 86' lang='lat' dir='ltr'><strong>quibus</strong></span> <span class='ocrx_word' id='word_1_103' title='bbox 487 1376 621 1415; x_wconf 89' lang='lat' dir='ltr'><strong>cum</strong></span> <span class='ocrx_word' id='word_1_104' title='bbox 652 1356 935 1434; x_wconf 81' lang='lat' dir='ltr'><strong>Glycerio</strong></span> <span class='ocrx_word' id='word_1_105' title='bbox 962 1355 1327 1415; x_wconf 83' lang='lat' dir='ltr'><strong>consuetudo</strong></span> <span class='ocrx_word' id='word_1_106' title='bbox 1363 1370 1507 1415; x_wconf 88' lang='lat' dir='ltr'><strong>erat.</strong></span> <span class='ocrx_word' id='word_1_107' title='bbox 1591 1356 1672 1413; x_wconf 86' lang='lat' dir='ltr'><strong>Et</strong></span> <span class='ocrx_word' id='word_1_108' title='bbox 1699 1366 1866 1433; x_wconf 89' lang='lat' dir='ltr'><strong>pater</strong></span> <span class='ocrx_word' id='word_1_109' title='bbox 1891 1354 2029 1415; x_wconf 78' lang='lat' dir='ltr'><strong>cum</strong></span> <span class='ocrx_word' id='word_1_110' title='bbox 2055 1354 2090 1410; x_wconf 73' lang='lat' dir='ltr'><strong>a</strong></span> <span class='ocrx_word' id='word_1_111' title='bbox 2118 1354 2236 1411; x_wconf 85' lang='lat' dir='ltr'><strong>filio</strong></span> <span class='ocrx_word' id='word_1_112' title='bbox 2271 1352 2430 1431; x_wconf 90' lang='lat' dir='ltr'><strong>quod</strong></span> <span class='ocrx_word' id='word_1_113' title='bbox 2455 1353 2724 1413; x_wconf 84' lang='lat' dir='ltr'><strong>voluerat</strong></span> 
     </span>
     <span class='ocr_line' id='line_1_14' title="bbox 250 1430 2720 1511; baseline -0.001 -18"><span class='ocrx_word' id='word_1_114' title='bbox 250 1434 613 1504; x_wconf 76' lang='lat' dir='ltr'><strong>extorsisset,</strong></span> <span class='ocrx_word' id='word_1_115' title='bbox 644 1455 757 1493; x_wconf 90' lang='lat' dir='ltr'><strong>non</strong></span> <span class='ocrx_word' id='word_1_116' title='bbox 778 1438 897 1511; x_wconf 88' lang='lat' dir='ltr'><strong>jam</strong></span> <span class='ocrx_word' id='word_1_117' title='bbox 926 1434 1159 1493; x_wconf 82' lang='lat' dir='ltr'><strong>simulat</strong></span> <span class='ocrx_word' id='word_1_118' title='bbox 1180 1454 1301 1492; x_wconf 88' lang='lat' dir='ltr'><strong>rem</strong></span> <span class='ocrx_word' id='word_1_119' title='bbox 1327 1457 1344 1503; x_wconf 72' lang='grc' dir='ltr'>ς</span> <span class='ocrx_word' id='word_1_120' title='bbox 1383 1434 1485 1492; x_wconf 88' lang='lat' dir='ltr'><strong>sed</strong></span> <span class='ocrx_word' id='word_1_121' title='bbox 1513 1434 1722 1493; x_wconf 81' lang='lat' dir='ltr'><strong>seriam</strong></span> <span class='ocrx_word' id='word_1_122' title='bbox 1749 1434 2006 1493; x_wconf 88' lang='lat' dir='ltr'><strong>fabulam</strong></span> <span class='ocrx_word' id='word_1_123' title='bbox 2035 1432 2276 1491; x_wconf 88' lang='lat' dir='ltr'><strong>orditur.</strong></span> <span class='ocrx_word' id='word_1_124' title='bbox 2347 1430 2720 1491; x_wconf 84' lang='lat' dir='ltr'><strong>Chremetem</strong></span> 
     </span>
     <span class='ocr_line' id='line_1_15' title="bbox 253 1508 2726 1590; baseline -0 -19"><span class='ocrx_word' id='word_1_125' title='bbox 253 1524 401 1583; x_wconf 87' lang='lat' dir='ltr'><strong>orat,</strong></span> <span class='ocrx_word' id='word_1_126' title='bbox 432 1525 495 1570; x_wconf 89' lang='lat' dir='ltr'><strong>ut</strong></span> <span class='ocrx_word' id='word_1_127' title='bbox 522 1524 755 1589; x_wconf 87' lang='lat' dir='ltr'><strong>gnatam</strong></span> <span class='ocrx_word' id='word_1_128' title='bbox 800 1514 901 1572; x_wconf 88' lang='lat' dir='ltr'><strong>det</strong></span> <span class='ocrx_word' id='word_1_129' title='bbox 942 1532 1187 1571; x_wconf 85' lang='lat' dir='ltr'><strong>uxorem</strong></span> <span class='ocrx_word' id='word_1_130' title='bbox 1234 1513 1357 1571; x_wconf 87' lang='lat' dir='ltr'><strong>filio</strong></span> <span class='ocrx_word' id='word_1_131' title='bbox 1399 1532 1542 1572; x_wconf 86' lang='lat' dir='ltr'><strong>suo:</strong></span> <span class='ocrx_word' id='word_1_132' title='bbox 1585 1513 1758 1573; x_wconf 76' lang='lat' dir='ltr'><strong>facile</strong></span> <span class='ocrx_word' id='word_1_133' title='bbox 1785 1514 2080 1590; x_wconf 84' lang='lat' dir='ltr'><strong>impetrat.</strong></span> <span class='ocrx_word' id='word_1_134' title='bbox 2164 1510 2290 1567; x_wconf 74' lang='lat' dir='ltr'><strong>Hic</strong></span> <span class='ocrx_word' id='word_1_135' title='bbox 2317 1509 2390 1567; x_wconf 90' lang='lat' dir='ltr'><strong>de</strong></span> <span class='ocrx_word' id='word_1_136' title='bbox 2416 1508 2726 1587; x_wconf 86' lang='lat' dir='ltr'><strong>Pamphilo</strong></span> 
     </span>
     <span class='ocr_line' id='line_1_16' title="bbox 250 1587 2722 1669; baseline -0.002 -19"><span class='ocrx_word' id='word_1_137' title='bbox 250 1603 443 1650; x_wconf 88' lang='lat' dir='ltr'><strong>actum</strong></span> <span class='ocrx_word' id='word_1_138' title='bbox 472 1590 615 1649; x_wconf 81' lang='lat' dir='ltr'><strong>fuit:</strong></span> <span class='ocrx_word' id='word_1_139' title='bbox 660 1603 947 1651; x_wconf 87' lang='lat' dir='ltr'><strong>maturare</strong></span> <span class='ocrx_word' id='word_1_140' title='bbox 974 1588 1211 1669; x_wconf 79' lang='lat' dir='ltr'><strong>nuptias</strong></span> <span class='ocrx_word' id='word_1_141' title='bbox 1238 1604 1406 1669; x_wconf 88' lang='lat' dir='ltr'><strong>pater</strong></span> <span class='ocrx_word' id='word_1_142' title='bbox 1430 1592 1648 1660; x_wconf 84' lang='lat' dir='ltr'><strong>studet,</strong></span> <span class='ocrx_word' id='word_1_143' title='bbox 1679 1604 1740 1649; x_wconf 89' lang='lat' dir='ltr'><strong>et</strong></span> <span class='ocrx_word' id='word_1_144' title='bbox 1765 1590 1920 1649; x_wconf 83' lang='lat' dir='ltr'><strong>filius</strong></span> <span class='ocrx_word' id='word_1_145' title='bbox 1947 1590 2242 1668; x_wconf 86' lang='lat' dir='ltr'><strong>pollicitus</strong></span> <span class='ocrx_word' id='word_1_146' title='bbox 2269 1598 2396 1647; x_wconf 84' lang='lat' dir='ltr'><strong>erat</strong></span> <span class='ocrx_word' id='word_1_147' title='bbox 2425 1606 2490 1645; x_wconf 83' lang='lat' dir='ltr'><strong>se</strong></span> <span class='ocrx_word' id='word_1_148' title='bbox 2529 1587 2590 1645; x_wconf 88' lang='lat' dir='ltr'><strong>in</strong></span> <span class='ocrx_word' id='word_1_149' title='bbox 2616 1608 2722 1667; x_wconf 82' lang='lat' dir='ltr'><strong>pa-</strong></span> 
     </span>
     <span class='ocr_line' id='line_1_17' title="bbox 248 1666 2724 1748; baseline -0.002 -21"><span class='ocrx_word' id='word_1_150' title='bbox 248 1671 351 1727; x_wconf 85' lang='lat' dir='ltr'><strong>tris</strong></span> <span class='ocrx_word' id='word_1_151' title='bbox 378 1680 669 1747; x_wconf 81' lang='lat' dir='ltr'><strong>potestate</strong></span> <span class='ocrx_word' id='word_1_152' title='bbox 712 1670 975 1728; x_wconf 83' lang='lat' dir='ltr'><strong>futurum</strong></span> <span class='ocrx_word' id='word_1_153' title='bbox 1026 1690 1172 1728; x_wconf 82' lang='lat' dir='ltr'><strong>esse.</strong></span> <span class='ocrx_word' id='word_1_154' title='bbox 1254 1672 1490 1740; x_wconf 77' lang='lat' dir='ltr'><strong>QuaesO,</strong></span> <span class='ocrx_word' id='word_1_155' title='bbox 1530 1670 1828 1748; x_wconf 89' lang='lat' dir='ltr'><strong>quomodo</strong></span> <span class='ocrx_word' id='word_1_156' title='bbox 1869 1688 1947 1727; x_wconf 91' lang='lat' dir='ltr'><strong>ex</strong></span> <span class='ocrx_word' id='word_1_157' title='bbox 1991 1668 2080 1726; x_wconf 84' lang='lat' dir='ltr'><strong>his</strong></span> <span class='ocrx_word' id='word_1_158' title='bbox 2113 1666 2298 1725; x_wconf 88' lang='lat' dir='ltr'><strong>turbis</strong></span> <span class='ocrx_word' id='word_1_159' title='bbox 2323 1685 2388 1723; x_wconf 89' lang='lat' dir='ltr'><strong>se</strong></span> <span class='ocrx_word' id='word_1_160' title='bbox 2415 1666 2724 1743; x_wconf 82' lang='lat' dir='ltr'><strong>explicet?</strong></span> 
     </span>
     <span class='ocr_line' id='line_1_18' title="bbox 252 1744 2724 1827; baseline -0.002 -21"><span class='ocrx_word' id='word_1_161' title='bbox 252 1748 391 1827; x_wconf 89' lang='lat' dir='ltr'><strong>quid</strong></span> <span class='ocrx_word' id='word_1_162' title='bbox 428 1748 609 1805; x_wconf 87' lang='lat' dir='ltr'><strong>faciat</strong></span> <span class='ocrx_word' id='word_1_163' title='bbox 640 1748 1021 1823; x_wconf 81' lang='lat' dir='ltr'><strong>Pamphilus?</strong></span> <span class='ocrx_word' id='word_1_164' title='bbox 1106 1748 1230 1806; x_wconf 85' lang='lat' dir='ltr'><strong>Hic</strong></span> <span class='ocrx_word' id='word_1_165' title='bbox 1278 1748 1502 1817; x_wconf 81' lang='lat' dir='ltr'><strong>Davus,</strong></span> <span class='ocrx_word' id='word_1_166' title='bbox 1565 1754 1732 1823; x_wconf 84' lang='lat' dir='ltr'><strong>cujus</strong></span> <span class='ocrx_word' id='word_1_167' title='bbox 1769 1746 2164 1825; x_wconf 65' lang='lat' dir='ltr'><strong>imprudentia</strong></span> <span class='ocrx_word' id='word_1_168' title='bbox 2209 1744 2534 1823; x_wconf 87' lang='lat' dir='ltr'><strong>periculum</strong></span> <span class='ocrx_word' id='word_1_169' title='bbox 2581 1764 2724 1804; x_wconf 84' lang='lat' dir='ltr'><strong>con-</strong></span> 
     </span>
     <span class='ocr_line' id='line_1_19' title="bbox 252 1823 2726 1901; baseline -0.002 -16"><span class='ocrx_word' id='word_1_170' title='bbox 252 1838 503 1885; x_wconf 88' lang='lat' dir='ltr'><strong>tractum</strong></span> <span class='ocrx_word' id='word_1_171' title='bbox 534 1837 685 1893; x_wconf 88' lang='lat' dir='ltr'><strong>erat,</strong></span> <span class='ocrx_word' id='word_1_172' title='bbox 730 1826 867 1882; x_wconf 72' lang='lat' dir='ltr'><strong>cum</strong></span> <span class='ocrx_word' id='word_1_173' title='bbox 914 1825 1085 1882; x_wconf 86' lang='lat' dir='ltr'><strong>dolus</strong></span> <span class='ocrx_word' id='word_1_174' title='bbox 1127 1844 1243 1882; x_wconf 90' lang='lat' dir='ltr'><strong>non</strong></span> <span class='ocrx_word' id='word_1_175' title='bbox 1290 1826 1686 1896; x_wconf 81' lang='lat' dir='ltr'><strong>successisset,</strong></span> <span class='ocrx_word' id='word_1_176' title='bbox 1733 1826 2108 1885; x_wconf 81' lang='lat' dir='ltr'><strong>Chremetem</strong></span> <span class='ocrx_word' id='word_1_177' title='bbox 2136 1823 2397 1883; x_wconf 89' lang='lat' dir='ltr'><strong>deterret</strong></span> <span class='ocrx_word' id='word_1_178' title='bbox 2422 1823 2458 1879; x_wconf 73' lang='lat' dir='ltr'><strong>a</strong></span> <span class='ocrx_word' id='word_1_179' title='bbox 2484 1823 2726 1901; x_wconf 87' lang='lat' dir='ltr'><strong>nuptiis,</strong></span> 
     </span>
     <span class='ocr_line' id='line_1_20' title="bbox 249 1902 1507 1977; baseline -0.002 -16"><span class='ocrx_word' id='word_1_180' title='bbox 249 1904 426 1963; x_wconf 85' lang='lat' dir='ltr'><strong>fidem</strong></span> <span class='ocrx_word' id='word_1_181' title='bbox 453 1903 684 1961; x_wconf 84' lang='lat' dir='ltr'><strong>faciens</strong></span> <span class='ocrx_word' id='word_1_182' title='bbox 710 1902 888 1959; x_wconf 88' lang='lat' dir='ltr'><strong>amari</strong></span> <span class='ocrx_word' id='word_1_183' title='bbox 918 1902 1089 1961; x_wconf 85' lang='lat' dir='ltr'><strong>aliam</strong></span> <span class='ocrx_word' id='word_1_184' title='bbox 1116 1902 1153 1957; x_wconf 72' lang='lat' dir='ltr'><strong>a</strong></span> <span class='ocrx_word' id='word_1_185' title='bbox 1179 1902 1507 1977; x_wconf 84' lang='lat' dir='ltr'><strong>Pamphilo.</strong></span> 
     </span>
    </p>

    <p class='ocr_par' dir='ltr' id='par_1_6' title="bbox 1238 1997 1742 2038">
     <span class='ocr_line' id='line_1_21' title="bbox 1238 1997 1742 2038; baseline 0.002 -1"><span class='ocrx_word' id='word_1_186' title='bbox 1238 1997 1742 2038; x_wconf 67' lang='lat' dir='ltr'><strong>caras-rnorns.</strong></span> 
     </span>
    </p>

    <p class='ocr_par' dir='ltr' id='par_1_7' title="bbox 252 2056 2792 2372">
     <span class='ocr_line' id='line_1_22' title="bbox 340 2056 2724 2137; baseline -0.002 -21"><span class='ocrx_word' id='word_1_187' title='bbox 340 2062 433 2116; x_wconf 86' lang='lat' dir='ltr'><strong>At</strong></span> <span class='ocrx_word' id='word_1_188' title='bbox 462 2069 631 2134; x_wconf 86' lang='lat' dir='ltr'><strong>pater</strong></span> <span class='ocrx_word' id='word_1_189' title='bbox 658 2076 779 2114; x_wconf 89' lang='lat' dir='ltr'><strong>rem</strong></span> <span class='ocrx_word' id='word_1_190' title='bbox 808 2067 1015 2133; x_wconf 87' lang='lat' dir='ltr'><strong>urget:</strong></span> <span class='ocrx_word' id='word_1_191' title='bbox 1059 2068 1119 2114; x_wconf 92' lang='lat' dir='ltr'><strong>et</strong></span> <span class='ocrx_word' id='word_1_192' title='bbox 1146 2058 1544 2134; x_wconf 79' lang='lat' dir='ltr'><strong>processisset,</strong></span> <span class='ocrx_word' id='word_1_193' title='bbox 1573 2059 1681 2117; x_wconf 89' lang='lat' dir='ltr'><strong>nisi</strong></span> <span class='ocrx_word' id='word_1_194' title='bbox 1708 2078 1892 2127; x_wconf 80' lang='lat' dir='ltr'><strong>casus,</strong></span> <span class='ocrx_word' id='word_1_195' title='bbox 1920 2060 2016 2137; x_wconf 87' lang='lat' dir='ltr'><strong>qui</strong></span> <span class='ocrx_word' id='word_1_196' title='bbox 2035 2077 2190 2137; x_wconf 74' lang='lat' dir='ltr'><strong>saepe</strong></span> <span class='ocrx_word' id='word_1_197' title='bbox 2217 2058 2348 2136; x_wconf 87' lang='lat' dir='ltr'><strong>plus</strong></span> <span class='ocrx_word' id='word_1_198' title='bbox 2373 2058 2528 2117; x_wconf 81' lang='lat' dir='ltr'><strong>valet</strong></span> <span class='ocrx_word' id='word_1_199' title='bbox 2593 2056 2724 2114; x_wconf 71' lang='lat' dir='ltr'><strong>uam</strong></span> 
     </span>
     <span class='ocr_line' id='line_1_23' title="bbox 258 2134 2792 2215; baseline 0 -19"><span class='ocrx_word' id='word_1_200' title='bbox 258 2136 435 2203; x_wconf 86' lang='lat' dir='ltr'><strong>ratio,</strong></span> <span class='ocrx_word' id='word_1_201' title='bbox 468 2135 664 2193; x_wconf 87' lang='lat' dir='ltr'><strong>dubiis</strong></span> <span class='ocrx_word' id='word_1_202' title='bbox 694 2136 863 2193; x_wconf 87' lang='lat' dir='ltr'><strong>rebus</strong></span> <span class='ocrx_word' id='word_1_203' title='bbox 892 2154 1061 2211; x_wconf 87' lang='lat' dir='ltr'><strong>opem</strong></span> <span class='ocrx_word' id='word_1_204' title='bbox 1090 2134 1397 2193; x_wconf 79' lang='lat' dir='ltr'><strong>attulisset.</strong></span> <span class='ocrx_word' id='word_1_205' title='bbox 1472 2136 1648 2195; x_wconf 86' lang='lat' dir='ltr'><strong>Venit</strong></span> <span class='ocrx_word' id='word_1_206' title='bbox 1667 2137 1942 2215; x_wconf 85' lang='lat' dir='ltr'><strong>quispiam</strong></span> <span class='ocrx_word' id='word_1_207' title='bbox 1973 2138 2154 2203; x_wconf 88' lang='lat' dir='ltr'><strong>Crito.</strong></span> <span class='ocrx_word' id='word_1_208' title='bbox 2181 2137 2280 2215; x_wconf 87' lang='lat' dir='ltr'><strong>qui</strong></span> <span class='ocrx_word' id='word_1_209' title='bbox 2309 2136 2484 2195; x_wconf 91' lang='lat' dir='ltr'><strong>docet</strong></span> <span class='ocrx_word' id='word_1_210' title='bbox 2505 2136 2558 2196; x_wconf 92' lang='lat' dir='ltr'><strong>G</strong></span> <span class='ocrx_word' id='word_1_211' title='bbox 2585 2154 2727 2215; x_wconf 86' lang='lat' dir='ltr'><strong>yce-</strong></span> <span class='ocrx_word' id='word_1_212' title='bbox 2781 2186 2792 2196; x_wconf 77' lang='grc'>,</span> 
     </span>
     <span class='ocr_line' id='line_1_24' title="bbox 254 2214 2724 2293; baseline 0 -20"><span class='ocrx_word' id='word_1_213' title='bbox 254 2216 413 2274; x_wconf 87' lang='lat' dir='ltr'><strong>rium</strong></span> <span class='ocrx_word' id='word_1_214' title='bbox 446 2214 777 2273; x_wconf 85' lang='lat' dir='ltr'><strong>Chremetis</strong></span> <span class='ocrx_word' id='word_1_215' title='bbox 819 2214 993 2270; x_wconf 83' lang='lat' dir='ltr'><strong>filiam</strong></span> <span class='ocrx_word' id='word_1_216' title='bbox 1035 2230 1179 2283; x_wconf 85' lang='lat' dir='ltr'><strong>esse,</strong></span> <span class='ocrx_word' id='word_1_217' title='bbox 1200 2224 1433 2291; x_wconf 85' lang='lat' dir='ltr'><strong>gratum</strong></span> <span class='ocrx_word' id='word_1_218' title='bbox 1456 2216 1720 2274; x_wconf 87' lang='lat' dir='ltr'><strong>omnibus</strong></span> <span class='ocrx_word' id='word_1_219' title='bbox 1739 2216 2026 2273; x_wconf 86' lang='lat' dir='ltr'><strong>nuncium.</strong></span> <span class='ocrx_word' id='word_1_220' title='bbox 2109 2214 2354 2293; x_wconf 69' lang='lat' dir='ltr'><strong>Nuptiae</strong></span> <span class='ocrx_word' id='word_1_221' title='bbox 2391 2234 2466 2274; x_wconf 85' lang='lat' dir='ltr'><strong>ex</strong></span> <span class='ocrx_word' id='word_1_222' title='bbox 2493 2226 2724 2275; x_wconf 86' lang='lat' dir='ltr'><strong>senten·</strong></span> 
     </span>
     <span class='ocr_line' id='line_1_25' title="bbox 252 2290 2728 2372; baseline -0.001 -19"><span class='ocrx_word' id='word_1_223' title='bbox 252 2294 361 2361; x_wconf 69' lang='lat' dir='ltr'><strong>tia,</strong></span> <span class='ocrx_word' id='word_1_224' title='bbox 396 2292 684 2370; x_wconf 85' lang='lat' dir='ltr'><strong>Pamphili</strong></span> <span class='ocrx_word' id='word_1_225' title='bbox 714 2290 1122 2350; x_wconf 82' lang='lat' dir='ltr'><strong>conficiuntur.</strong></span> <span class='ocrx_word' id='word_1_226' title='bbox 1208 2290 1357 2351; x_wconf 84' lang='lat' dir='ltr'><strong>Vide</strong></span> <span class='ocrx_word' id='word_1_227' title='bbox 1393 2312 1470 2351; x_wconf 89' lang='lat' dir='ltr'><strong>ex</strong></span> <span class='ocrx_word' id='word_1_228' title='bbox 1512 2308 1730 2371; x_wconf 89' lang='lat' dir='ltr'><strong>quanto</strong></span> <span class='ocrx_word' id='word_1_229' title='bbox 1757 2295 2040 2372; x_wconf 88' lang='lat' dir='ltr'><strong>periculo,</strong></span> <span class='ocrx_word' id='word_1_230' title='bbox 2089 2312 2232 2353; x_wconf 85' lang='lat' dir='ltr'><strong>casu</strong></span> <span class='ocrx_word' id='word_1_231' title='bbox 2278 2294 2526 2354; x_wconf 85' lang='lat' dir='ltr'><strong>evaserit</strong></span> <span class='ocrx_word' id='word_1_232' title='bbox 2554 2293 2728 2352; x_wconf 87' lang='lat' dir='ltr'><strong>Pam-</strong></span> 
     </span>
    </p>

    <p class='ocr_par' dir='ltr' id='par_1_8' title="bbox 296 2372 488 2429">
     <span class='ocr_line' id='line_1_26' title="bbox 296 2372 488 2429; baseline 0.005 -1"><span class='ocrx_word' id='word_1_233' title='bbox 296 2372 488 2429; x_wconf 79' lang='lat' dir='ltr'><strong>hilus!</strong></span> 
     </span>
    </p>

    <p class='ocr_par' dir='ltr' id='par_1_9' title="bbox 252 2394 2730 3935">
     <span class='ocr_line' id='line_1_27' title="bbox 252 2394 2728 2527; baseline 0.001 -20"><span class='ocrx_word' id='word_1_234' title='bbox 252 2394 291 2452; x_wconf 72' lang='lat' dir='ltr'>p</span> <span class='ocrx_word' id='word_1_235' title='bbox 333 2451 441 2508; x_wconf 85' lang='lat' dir='ltr'><strong>Est</strong></span> <span class='ocrx_word' id='word_1_236' title='bbox 483 2460 681 2508; x_wconf 87' lang='lat' dir='ltr'><strong>autem</strong></span> <span class='ocrx_word' id='word_1_237' title='bbox 712 2448 769 2505; x_wconf 90' lang='lat' dir='ltr'><strong>in</strong></span> <span class='ocrx_word' id='word_1_238' title='bbox 800 2468 962 2507; x_wconf 89' lang='lat' dir='ltr'><strong>more</strong></span> <span class='ocrx_word' id='word_1_239' title='bbox 990 2447 1289 2517; x_wconf 87' lang='lat' dir='ltr'><strong>Terentio,</strong></span> <span class='ocrx_word' id='word_1_240' title='bbox 1320 2448 1378 2505; x_wconf 87' lang='lat' dir='ltr'><strong>in</strong></span> <span class='ocrx_word' id='word_1_241' title='bbox 1408 2450 1594 2527; x_wconf 75' lang='lat' dir='ltr'><strong>prima</strong></span> <span class='ocrx_word' id='word_1_242' title='bbox 1617 2448 1742 2510; x_wconf 75' lang='lat' dir='ltr'><strong>fere</strong></span> <span class='ocrx_word' id='word_1_243' title='bbox 1768 2453 1946 2511; x_wconf 74' lang='lat' dir='ltr'><strong>scena</strong></span> <span class='ocrx_word' id='word_1_244' title='bbox 1987 2450 2166 2527; x_wconf 65' lang='lat' dir='ltr'><strong>longa</strong></span> <span class='ocrx_word' id='word_1_245' title='bbox 2192 2450 2524 2510; x_wconf 85' lang='lat' dir='ltr'><strong>narratione</strong></span> <span class='ocrx_word' id='word_1_246' title='bbox 2565 2470 2728 2511; x_wconf 88' lang='lat' dir='ltr'><strong>com·</strong></span> 
     </span>
     <span class='ocr_line' id='line_1_28' title="bbox 255 2526 2726 2609; baseline 0 -24"><span class='ocrx_word' id='word_1_247' title='bbox 255 2546 572 2586; x_wconf 89' lang='lat' dir='ltr'><strong>memorare</strong></span> <span class='ocrx_word' id='word_1_248' title='bbox 588 2528 957 2586; x_wconf 79' lang='lat' dir='ltr'><strong>occasionem</strong></span> <span class='ocrx_word' id='word_1_249' title='bbox 978 2526 1218 2586; x_wconf 65' lang='lat' dir='ltr'><strong>fabulae:</strong></span> <span class='ocrx_word' id='word_1_250' title='bbox 1247 2540 1426 2605; x_wconf 87' lang='lat' dir='ltr'><strong>atque</strong></span> <span class='ocrx_word' id='word_1_251' title='bbox 1446 2547 1547 2586; x_wconf 88' lang='lat' dir='ltr'><strong>eas</strong></span> <span class='ocrx_word' id='word_1_252' title='bbox 1567 2530 1925 2589; x_wconf 79' lang='lat' dir='ltr'><strong>narrationes</strong></span> <span class='ocrx_word' id='word_1_253' title='bbox 1947 2528 2180 2609; x_wconf 86' lang='lat' dir='ltr'><strong>plurimi</strong></span> <span class='ocrx_word' id='word_1_254' title='bbox 2202 2528 2469 2589; x_wconf 83' lang='lat' dir='ltr'><strong>fecerunt</strong></span> <span class='ocrx_word' id='word_1_255' title='bbox 2479 2542 2726 2589; x_wconf 81' lang='lat' dir='ltr'><strong>veteres.</strong></span> 
     </span>
     <span class='ocr_line' id='line_1_29' title="bbox 260 2604 2728 2686; baseline 0 -22"><span class='ocrx_word' id='word_1_256' title='bbox 260 2606 353 2665; x_wconf 92' lang='lat' dir='ltr'><strong>Sic</strong></span> <span class='ocrx_word' id='word_1_257' title='bbox 378 2607 437 2663; x_wconf 88' lang='lat' dir='ltr'><strong>in</strong></span> <span class='ocrx_word' id='word_1_258' title='bbox 470 2606 695 2665; x_wconf 67' lang='lat' dir='ltr'><strong>Andria</strong></span> <span class='ocrx_word' id='word_1_259' title='bbox 722 2607 969 2685; x_wconf 79' lang='lat' dir='ltr'><strong>exponit</strong></span> <span class='ocrx_word' id='word_1_260' title='bbox 998 2604 1286 2683; x_wconf 87' lang='lat' dir='ltr'><strong>Pamphili</strong></span> <span class='ocrx_word' id='word_1_261' title='bbox 1314 2624 1562 2677; x_wconf 87' lang='lat' dir='ltr'><strong>amores,</strong></span> <span class='ocrx_word' id='word_1_262' title='bbox 1591 2620 1652 2665; x_wconf 90' lang='lat' dir='ltr'><strong>et</strong></span> <span class='ocrx_word' id='word_1_263' title='bbox 1677 2610 1859 2686; x_wconf 88' lang='lat' dir='ltr'><strong>patris</strong></span> <span class='ocrx_word' id='word_1_264' title='bbox 1887 2606 2216 2677; x_wconf 83' lang='lat' dir='ltr'><strong>consilium,</strong></span> <span class='ocrx_word' id='word_1_265' title='bbox 2245 2626 2363 2686; x_wconf 84' lang='lat' dir='ltr'><strong>quo</strong></span> <span class='ocrx_word' id='word_1_266' title='bbox 2389 2608 2438 2667; x_wconf 90' lang='lat' dir='ltr'><strong>is</strong></span> <span class='ocrx_word' id='word_1_267' title='bbox 2475 2608 2657 2667; x_wconf 82' lang='lat' dir='ltr'><strong>fllium</strong></span> <span class='ocrx_word' id='word_1_268' title='bbox 2692 2608 2728 2665; x_wconf 72' lang='lat' dir='ltr'><strong>a</strong></span> 
     </span>
     <span class='ocr_line' id='line_1_30' title="bbox 259 2684 2728 2766; baseline 0 -23"><span class='ocrx_word' id='word_1_269' title='bbox 259 2684 533 2762; x_wconf 85' lang='lat' dir='ltr'><strong>Glycerio</strong></span> <span class='ocrx_word' id='word_1_270' title='bbox 562 2684 891 2743; x_wconf 87' lang='lat' dir='ltr'><strong>divulsurus</strong></span> <span class='ocrx_word' id='word_1_271' title='bbox 919 2696 1063 2743; x_wconf 86' lang='lat' dir='ltr'><strong>erat.</strong></span> <span class='ocrx_word' id='word_1_272' title='bbox 1142 2684 1215 2741; x_wconf 86' lang='lat' dir='ltr'><strong>ln</strong></span> <span class='ocrx_word' id='word_1_273' title='bbox 1244 2685 1483 2763; x_wconf 88' lang='lat' dir='ltr'><strong>reliquis</strong></span> <span class='ocrx_word' id='word_1_274' title='bbox 1509 2687 1702 2744; x_wconf 80' lang='lat' dir='ltr'><strong>scenis</strong></span> <span class='ocrx_word' id='word_1_275' title='bbox 1727 2686 1924 2766; x_wconf 86' lang='lat' dir='ltr'><strong>pergit</strong></span> <span class='ocrx_word' id='word_1_276' title='bbox 1945 2684 2251 2745; x_wconf 88' lang='lat' dir='ltr'><strong>consilium</strong></span> <span class='ocrx_word' id='word_1_277' title='bbox 2271 2686 2504 2765; x_wconf 84' lang='lat' dir='ltr'><strong>exequi.</strong></span> <span class='ocrx_word' id='word_1_278' title='bbox 2575 2687 2728 2745; x_wconf 89' lang='lat' dir='ltr'><strong>Sunt</strong></span> 
     </span>
     <span class='ocr_line' id='line_1_31' title="bbox 256 2762 2724 2841; baseline 0 -20"><span class='ocrx_word' id='word_1_279' title='bbox 256 2782 485 2841; x_wconf 84' lang='lat' dir='ltr'><strong>aspersa</strong></span> <span class='ocrx_word' id='word_1_280' title='bbox 512 2764 935 2822; x_wconf 82' lang='lat' dir='ltr'><strong>narrationi&#39;illi</strong></span> <span class='ocrx_word' id='word_1_281' title='bbox 964 2762 1165 2841; x_wconf 61' lang='lat' dir='ltr'><strong>primas</strong></span> <span class='ocrx_word' id='word_1_282' title='bbox 1194 2763 1378 2821; x_wconf 88' lang='lat' dir='ltr'><strong>multa</strong></span> <span class='ocrx_word' id='word_1_283' title='bbox 1406 2764 1700 2825; x_wconf 90' lang='lat' dir='ltr'><strong>rhetorica</strong></span> <span class='ocrx_word' id='word_1_284' title='bbox 1728 2776 2090 2825; x_wconf 84' lang='lat' dir='ltr'><strong>ornamenta.</strong></span> <span class='ocrx_word' id='word_1_285' title='bbox 2171 2764 2280 2823; x_wconf 89' lang='lat' dir='ltr'><strong>Est</strong></span> <span class='ocrx_word' id='word_1_286' title='bbox 2307 2764 2460 2823; x_wconf 89' lang='lat' dir='ltr'><strong>enim</strong></span> <span class='ocrx_word' id='word_1_287' title='bbox 2487 2764 2724 2823; x_wconf 90' lang='lat' dir='ltr'><strong>mirabi-</strong></span> 
     </span>
     <span class='ocr_line' id='line_1_32' title="bbox 258 2840 2726 2913; baseline 0.002 -15"><span class='ocrx_word' id='word_1_288' title='bbox 258 2840 388 2900; x_wconf 86' lang='lat' dir='ltr'><strong>liter</strong></span> <span class='ocrx_word' id='word_1_289' title='bbox 414 2853 589 2900; x_wconf 87' lang='lat' dir='ltr'><strong>aucta</strong></span> <span class='ocrx_word' id='word_1_290' title='bbox 615 2842 1167 2900; x_wconf 85' lang='lat' dir='ltr'><strong>commemoratione</strong></span> <span class='ocrx_word' id='word_1_291' title='bbox 1196 2861 1447 2913; x_wconf 88' lang='lat' dir='ltr'><strong>morum,</strong></span> <span class='ocrx_word' id='word_1_292' title='bbox 1476 2842 1826 2913; x_wconf 87' lang='lat' dir='ltr'><strong>studiorum,</strong></span> <span class='ocrx_word' id='word_1_293' title='bbox 1862 2842 2114 2902; x_wconf 83' lang='lat' dir='ltr'><strong>sodalitii</strong></span> <span class='ocrx_word' id='word_1_294' title='bbox 2143 2842 2284 2901; x_wconf 90' lang='lat' dir='ltr'><strong>Pam</strong></span> <span class='ocrx_word' id='word_1_295' title='bbox 2330 2842 2450 2913; x_wconf 90' lang='lat' dir='ltr'><strong>hili,</strong></span> <span class='ocrx_word' id='word_1_296' title='bbox 2523 2844 2596 2901; x_wconf 72' lang='lat' dir='ltr'><strong>ua</strong></span> <span class='ocrx_word' id='word_1_297' title='bbox 2625 2862 2726 2903; x_wconf 87' lang='lat' dir='ltr'><strong>oc-</strong></span> 
     </span>
     <span class='ocr_line' id='line_1_33' title="bbox 260 2919 2726 3001; baseline 0.001 -24"><span class='ocrx_word' id='word_1_298' title='bbox 260 2921 493 2977; x_wconf 87' lang='lat' dir='ltr'><strong>casione</strong></span> <span class='ocrx_word' id='word_1_299' title='bbox 522 2919 859 2997; x_wconf 81' lang='lat' dir='ltr'><strong>Pamphilus</strong></span> <span class='ocrx_word' id='word_1_300' title='bbox 884 2920 1151 2998; x_wconf 86' lang='lat' dir='ltr'><strong>deperire</strong></span> <span class='ocrx_word' id='word_1_301' title='bbox 1180 2919 1239 2977; x_wconf 91' lang='lat' dir='ltr'><strong>in</strong></span> <span class='ocrx_word' id='word_1_302' title='bbox 1260 2920 1604 2998; x_wconf 87' lang='lat' dir='ltr'><strong>Glycerium</strong></span> <span class='ocrx_word' id='word_1_303' title='bbox 1635 2924 1903 3001; x_wconf 87' lang='lat' dir='ltr'><strong>coeperit,</strong></span> <span class='ocrx_word' id='word_1_304' title='bbox 1931 2923 2030 2979; x_wconf 90' lang='lat' dir='ltr'><strong>ubi</strong></span> <span class='ocrx_word' id='word_1_305' title='bbox 2057 2932 2226 2999; x_wconf 87' lang='lat' dir='ltr'><strong>pater</strong></span> <span class='ocrx_word' id='word_1_306' title='bbox 2255 2920 2270 2977; x_wconf 91' lang='lat' dir='ltr'><strong>i</strong></span> <span class='ocrx_word' id='word_1_307' title='bbox 2339 2921 2486 2999; x_wconf 86' lang='lat' dir='ltr'><strong>prim</strong></span> <span class='ocrx_word' id='word_1_308' title='bbox 2537 2941 2592 2977; x_wconf 90' lang='lat' dir='ltr'><strong>m</strong></span> <span class='ocrx_word' id='word_1_309' title='bbox 2619 2922 2726 2979; x_wconf 89' lang='lat' dir='ltr'><strong>de·</strong></span> 
     </span>
     <span class='ocr_line' id='line_1_34' title="bbox 259 2997 2726 3078; baseline 0.002 -25"><span class='ocrx_word' id='word_1_310' title='bbox 259 2997 655 3074; x_wconf 83' lang='lat' dir='ltr'><strong>prehenderit.</strong></span> <span class='ocrx_word' id='word_1_311' title='bbox 700 2998 851 3056; x_wconf 79' lang='lat' dir='ltr'><strong>Haec</strong></span> <span class='ocrx_word' id='word_1_312' title='bbox 868 2998 1139 3056; x_wconf 68' lang='lat' dir='ltr'><strong>accurate</strong></span> <span class='ocrx_word' id='word_1_313' title='bbox 1166 2999 1465 3076; x_wconf 87' lang='lat' dir='ltr'><strong>expendet</strong></span> <span class='ocrx_word' id='word_1_314' title='bbox 1492 2999 1804 3078; x_wconf 78' lang='lat' dir='ltr'><strong>professor,</strong></span> <span class='ocrx_word' id='word_1_315' title='bbox 1821 3013 1884 3061; x_wconf 90' lang='lat' dir='ltr'><strong>et</strong></span> <span class='ocrx_word' id='word_1_316' title='bbox 1901 3000 2070 3059; x_wconf 85' lang='lat' dir='ltr'><strong>velim</strong></span> <span class='ocrx_word' id='word_1_317' title='bbox 2100 3000 2199 3058; x_wconf 77' lang='lat' dir='ltr'><strong>hic</strong></span> <span class='ocrx_word' id='word_1_318' title='bbox 2219 2998 2528 3057; x_wconf 71' lang='lat' dir='ltr'><strong>immodice</strong></span> <span class='ocrx_word' id='word_1_319' title='bbox 2550 2998 2726 3057; x_wconf 88' lang='lat' dir='ltr'><strong>etiam</strong></span> 
     </span>
     <span class='ocr_line' id='line_1_35' title="bbox 265 3074 2728 3158; baseline 0.001 -26"><span class='ocrx_word' id='word_1_320' title='bbox 265 3074 513 3132; x_wconf 82' lang='lat' dir='ltr'><strong>anxium</strong></span> <span class='ocrx_word' id='word_1_321' title='bbox 558 3092 683 3131; x_wconf 86' lang='lat' dir='ltr'><strong>esse</strong></span> <span class='ocrx_word' id='word_1_322' title='bbox 732 3074 824 3131; x_wconf 71' lang='grc' dir='ltr'><strong>καὶ</strong></span> <span class='ocrx_word' id='word_1_323' title='bbox 871 3086 1343 3153; x_wconf 66' lang='grc' dir='ltr'>πολυπραγμονεῖν</span> <span class='ocrx_word' id='word_1_324' title='bbox 1390 3077 1788 3158; x_wconf 87' lang='lat' dir='ltr'><strong>interpretem.</strong></span> <span class='ocrx_word' id='word_1_325' title='bbox 1869 3080 1979 3137; x_wconf 88' lang='lat' dir='ltr'><strong>Est</strong></span> <span class='ocrx_word' id='word_1_326' title='bbox 2025 3076 2179 3136; x_wconf 88' lang='lat' dir='ltr'><strong>enim</strong></span> <span class='ocrx_word' id='word_1_327' title='bbox 2227 3074 2414 3133; x_wconf 88' lang='lat' dir='ltr'><strong>modis</strong></span> <span class='ocrx_word' id='word_1_328' title='bbox 2461 3074 2728 3135; x_wconf 72' lang='lat' dir='ltr'><strong>omnibus</strong></span> 
     </span>
     <span class='ocr_line' id='line_1_36' title="bbox 270 3150 2728 3236; baseline 0.001 -27"><span class='ocrx_word' id='word_1_329' title='bbox 270 3150 661 3218; x_wconf 88' lang='lat' dir='ltr'><strong>efficiendum,</strong></span> <span class='ocrx_word' id='word_1_330' title='bbox 689 3164 758 3209; x_wconf 90' lang='lat' dir='ltr'><strong>ut</strong></span> <span class='ocrx_word' id='word_1_331' title='bbox 784 3152 1079 3221; x_wconf 80' lang='lat' dir='ltr'><strong>mirentur,</strong></span> <span class='ocrx_word' id='word_1_332' title='bbox 1110 3166 1173 3211; x_wconf 88' lang='lat' dir='ltr'><strong>ut</strong></span> <span class='ocrx_word' id='word_1_333' title='bbox 1200 3167 1393 3214; x_wconf 90' lang='lat' dir='ltr'><strong>ament</strong></span> <span class='ocrx_word' id='word_1_334' title='bbox 1420 3156 1579 3215; x_wconf 88' lang='lat' dir='ltr'><strong>hunc</strong></span> <span class='ocrx_word' id='word_1_335' title='bbox 1600 3170 1900 3217; x_wconf 88' lang='lat' dir='ltr'><strong>auctorem</strong></span> <span class='ocrx_word' id='word_1_336' title='bbox 1927 3156 2115 3236; x_wconf 90' lang='lat' dir='ltr'><strong>pueri.</strong></span> <span class='ocrx_word' id='word_1_337' title='bbox 2199 3153 2272 3211; x_wconf 89' lang='lat' dir='ltr'><strong>ld</strong></span> <span class='ocrx_word' id='word_1_338' title='bbox 2294 3152 2376 3211; x_wconf 89' lang='lat' dir='ltr'><strong>ita</strong></span> <span class='ocrx_word' id='word_1_339' title='bbox 2390 3150 2512 3221; x_wconf 82' lang='lat' dir='ltr'><strong>fiet,</strong></span> <span class='ocrx_word' id='word_1_340' title='bbox 2531 3150 2580 3209; x_wconf 89' lang='lat' dir='ltr'><strong>si</strong></span> <span class='ocrx_word' id='word_1_341' title='bbox 2600 3170 2728 3211; x_wconf 86' lang='lat' dir='ltr'><strong>rec·</strong></span> 
     </span>
     <span class='ocr_line' id='line_1_37' title="bbox 266 3228 2730 3315; baseline 0.001 -28"><span class='ocrx_word' id='word_1_342' title='bbox 266 3228 491 3289; x_wconf 71' lang='lat' dir='ltr'><strong>tissime</strong></span> <span class='ocrx_word' id='word_1_343' title='bbox 520 3228 931 3289; x_wconf 88' lang='lat' dir='ltr'><strong>intellexerint.</strong></span> <span class='ocrx_word' id='word_1_344' title='bbox 1010 3231 1381 3307; x_wconf 86' lang='lat' dir='ltr'><strong>Exigendum</strong></span> <span class='ocrx_word' id='word_1_345' title='bbox 1409 3237 1483 3293; x_wconf 90' lang='lat' dir='ltr'><strong>ab</strong></span> <span class='ocrx_word' id='word_1_346' title='bbox 1512 3236 1650 3314; x_wconf 86' lang='lat' dir='ltr'><strong>ipsis</strong></span> <span class='ocrx_word' id='word_1_347' title='bbox 1677 3236 1894 3315; x_wconf 88' lang='lat' dir='ltr'><strong>pueris,</strong></span> <span class='ocrx_word' id='word_1_348' title='bbox 1922 3247 1988 3294; x_wconf 90' lang='lat' dir='ltr'><strong>ut</strong></span> <span class='ocrx_word' id='word_1_349' title='bbox 2015 3253 2124 3293; x_wconf 89' lang='lat' dir='ltr'><strong>suo</strong></span> <span class='ocrx_word' id='word_1_350' title='bbox 2155 3232 2356 3291; x_wconf 89' lang='lat' dir='ltr'><strong>Marte</strong></span> <span class='ocrx_word' id='word_1_351' title='bbox 2381 3240 2730 3307; x_wconf 85' lang='lat' dir='ltr'><strong>argumenta</strong></span> 
     </span>
     <span class='ocr_line' id='line_1_38' title="bbox 260 3308 2728 3401; baseline 0.001 -36"><span class='ocrx_word' id='word_1_352' title='bbox 260 3308 595 3367; x_wconf 81' lang='lat' dir='ltr'><strong>fabularum</strong></span> <span class='ocrx_word' id='word_1_353' title='bbox 624 3309 899 3377; x_wconf 90' lang='lat' dir='ltr'><strong>condant,</strong></span> <span class='ocrx_word' id='word_1_354' title='bbox 932 3322 993 3369; x_wconf 90' lang='lat' dir='ltr'><strong>ut</strong></span> <span class='ocrx_word' id='word_1_355' title='bbox 1017 3310 1179 3370; x_wconf 83' lang='lat' dir='ltr'><strong>locos</strong></span> <span class='ocrx_word' id='word_1_356' title='bbox 1204 3312 1431 3391; x_wconf 89' lang='lat' dir='ltr'><strong>aliquos</strong></span> <span class='ocrx_word' id='word_1_357' title='bbox 1463 3326 1755 3384; x_wconf 87' lang='lat' dir='ltr'><strong>retexant,</strong></span> <span class='ocrx_word' id='word_1_358' title='bbox 1785 3328 1845 3373; x_wconf 91' lang='lat' dir='ltr'><strong>et</strong></span> <span class='ocrx_word' id='word_1_359' title='bbox 1871 3313 2135 3393; x_wconf 87' lang='lat' dir='ltr'><strong>pluribus</strong></span> <span class='ocrx_word' id='word_1_360' title='bbox 2161 3320 2482 3401; x_wconf 86' lang='lat' dir='ltr'><strong>exponant,</strong></span> <span class='ocrx_word' id='word_1_361' title='bbox 2511 3319 2571 3367; x_wconf 91' lang='lat' dir='ltr'><strong>et</strong></span> <span class='ocrx_word' id='word_1_362' title='bbox 2599 3320 2728 3367; x_wconf 85' lang='lat' dir='ltr'><strong>tan-</strong></span> 
     </span>
     <span class='ocr_line' id='line_1_39' title="bbox 258 3387 2728 3471; baseline 0.001 -27"><span class='ocrx_word' id='word_1_363' title='bbox 258 3406 433 3465; x_wconf 89' lang='lat' dir='ltr'><strong>quam</strong></span> <span class='ocrx_word' id='word_1_364' title='bbox 459 3404 655 3445; x_wconf 87' lang='lat' dir='ltr'><strong>ceram</strong></span> <span class='ocrx_word' id='word_1_365' title='bbox 671 3388 991 3466; x_wconf 86' lang='lat' dir='ltr'><strong>refingant:</strong></span> <span class='ocrx_word' id='word_1_366' title='bbox 1021 3409 1152 3468; x_wconf 64' lang='lat' dir='ltr'><strong>quae</strong></span> <span class='ocrx_word' id='word_1_367' title='bbox 1172 3391 1519 3451; x_wconf 86' lang='lat' dir='ltr'><strong>exercitatio</strong></span> <span class='ocrx_word' id='word_1_368' title='bbox 1581 3404 1924 3471; x_wconf 83' lang='lat' dir='ltr'><strong>raeterquam</strong></span> <span class='ocrx_word' id='word_1_369' title='bbox 1943 3390 2102 3471; x_wconf 70' lang='lat' dir='ltr'><strong>quod</strong></span> <span class='ocrx_word' id='word_1_370' title='bbox 2123 3388 2552 3449; x_wconf 72' lang='lat' dir='ltr'><strong>familiariorem</strong></span> <span class='ocrx_word' id='word_1_371' title='bbox 2571 3387 2728 3447; x_wconf 88' lang='lat' dir='ltr'><strong>hunc</strong></span> 
     </span>
     <span class='ocr_line' id='line_1_40' title="bbox 254 3466 2728 3549; baseline 0.001 -25"><span class='ocrx_word' id='word_1_372' title='bbox 254 3472 487 3544; x_wconf 70' lang='lat' dir='ltr'><strong>poetam</strong></span> <span class='ocrx_word' id='word_1_373' title='bbox 516 3466 679 3535; x_wconf 85' lang='lat' dir='ltr'><strong>facit,</strong></span> <span class='ocrx_word' id='word_1_374' title='bbox 720 3466 1051 3526; x_wconf 89' lang='lat' dir='ltr'><strong>facundiam</strong></span> <span class='ocrx_word' id='word_1_375' title='bbox 1095 3468 1271 3527; x_wconf 88' lang='lat' dir='ltr'><strong>etiam</strong></span> <span class='ocrx_word' id='word_1_376' title='bbox 1312 3470 1435 3529; x_wconf 89' lang='lat' dir='ltr'><strong>alit.</strong></span> <span class='ocrx_word' id='word_1_377' title='bbox 1565 3473 1845 3549; x_wconf 89' lang='lat' dir='ltr'><strong>inguntur</strong></span> <span class='ocrx_word' id='word_1_378' title='bbox 1884 3470 1983 3529; x_wconf 75' lang='lat' dir='ltr'><strong>hic</strong></span> <span class='ocrx_word' id='word_1_379' title='bbox 2021 3468 2248 3529; x_wconf 87' lang='lat' dir='ltr'><strong>cordati</strong></span> <span class='ocrx_word' id='word_1_380' title='bbox 2291 3487 2480 3537; x_wconf 83' lang='lat' dir='ltr'><strong>senes,</strong></span> <span class='ocrx_word' id='word_1_381' title='bbox 2524 3468 2728 3528; x_wconf 82' lang='lat' dir='ltr'><strong>Davus</strong></span> 
     </span>
     <span class='ocr_line' id='line_1_41' title="bbox 256 3545 2730 3626; baseline 0.002 -25"><span class='ocrx_word' id='word_1_382' title='bbox 256 3556 567 3615; x_wconf 80' lang='lat' dir='ltr'><strong>veterator,</strong></span> <span class='ocrx_word' id='word_1_383' title='bbox 596 3545 846 3603; x_wconf 69' lang='lat' dir='ltr'><strong>honesta</strong></span> <span class='ocrx_word' id='word_1_384' title='bbox 870 3566 941 3604; x_wconf 89' lang='lat' dir='ltr'><strong>ac</strong></span> <span class='ocrx_word' id='word_1_385' title='bbox 968 3546 1065 3625; x_wconf 69' lang='lat' dir='ltr'><strong>pia</strong></span> <span class='ocrx_word' id='word_1_386' title='bbox 1092 3561 1287 3607; x_wconf 89' lang='lat' dir='ltr'><strong>mente</strong></span> <span class='ocrx_word' id='word_1_387' title='bbox 1315 3549 1596 3626; x_wconf 83' lang='lat' dir='ltr'><strong>proeditus</strong></span> <span class='ocrx_word' id='word_1_388' title='bbox 1621 3550 1962 3609; x_wconf 82' lang='lat' dir='ltr'><strong>adolescens</strong></span> <span class='ocrx_word' id='word_1_389' title='bbox 1991 3548 2351 3625; x_wconf 85' lang='lat' dir='ltr'><strong>Pamphilus.</strong></span> <span class='ocrx_word' id='word_1_390' title='bbox 2416 3546 2637 3607; x_wconf 70' lang='lat' dir='ltr'><strong>Verum</strong></span> <span class='ocrx_word' id='word_1_391' title='bbox 2661 3558 2730 3606; x_wconf 90' lang='lat' dir='ltr'><strong>ut</strong></span> 
     </span>
     <span class='ocr_line' id='line_1_42' title="bbox 260 3622 2730 3706; baseline 0.002 -27"><span class='ocrx_word' id='word_1_392' title='bbox 260 3622 543 3701; x_wconf 88' lang='lat' dir='ltr'><strong>Pamphili</strong></span> <span class='ocrx_word' id='word_1_393' title='bbox 572 3624 873 3703; x_wconf 86' lang='lat' dir='ltr'><strong>ingenium</strong></span> <span class='ocrx_word' id='word_1_394' title='bbox 920 3626 1141 3685; x_wconf 72' lang='lat' dir='ltr'><strong>rectius</strong></span> <span class='ocrx_word' id='word_1_395' title='bbox 1186 3646 1321 3704; x_wconf 83' lang='lat' dir='ltr'><strong>pers</strong></span> <span class='ocrx_word' id='word_1_396' title='bbox 1365 3628 1439 3686; x_wconf 89' lang='lat' dir='ltr'><strong>ici</strong></span> <span class='ocrx_word' id='word_1_397' title='bbox 1480 3640 1698 3706; x_wconf 87' lang='lat' dir='ltr'><strong>posset,</strong></span> <span class='ocrx_word' id='word_1_398' title='bbox 1743 3640 1805 3687; x_wconf 87' lang='lat' dir='ltr'><strong>et</strong></span> <span class='ocrx_word' id='word_1_399' title='bbox 1851 3639 1918 3685; x_wconf 92' lang='lat' dir='ltr'><strong>ut</strong></span> <span class='ocrx_word' id='word_1_400' title='bbox 1963 3628 2260 3705; x_wconf 72' lang='lat' dir='ltr'><strong>aliquanto</strong></span> <span class='ocrx_word' id='word_1_401' title='bbox 2287 3626 2418 3705; x_wconf 89' lang='lat' dir='ltr'><strong>plus</strong></span> <span class='ocrx_word' id='word_1_402' title='bbox 2443 3626 2503 3684; x_wconf 90' lang='lat' dir='ltr'><strong>in</strong></span> <span class='ocrx_word' id='word_1_403' title='bbox 2531 3626 2730 3685; x_wconf 66' lang='lat' dir='ltr'><strong>fabula</strong></span> 
     </span>
     <span class='ocr_line' id='line_1_43' title="bbox 262 3702 2730 3785; baseline 0.002 -28"><span class='ocrx_word' id='word_1_404' title='bbox 262 3702 447 3759; x_wconf 83' lang='lat' dir='ltr'><strong>turbae</strong></span> <span class='ocrx_word' id='word_1_405' title='bbox 472 3714 646 3771; x_wconf 81' lang='lat' dir='ltr'><strong>esset,</strong></span> <span class='ocrx_word' id='word_1_406' title='bbox 676 3702 979 3761; x_wconf 82' lang='lat' dir='ltr'><strong>confertur</strong></span> <span class='ocrx_word' id='word_1_407' title='bbox 1005 3722 1141 3762; x_wconf 91' lang='lat' dir='ltr'><strong>cum</strong></span> <span class='ocrx_word' id='word_1_408' title='bbox 1170 3724 1243 3763; x_wconf 91' lang='lat' dir='ltr'><strong>eo</strong></span> <span class='ocrx_word' id='word_1_409' title='bbox 1266 3706 1315 3764; x_wconf 92' lang='lat' dir='ltr'>C</span> <span class='ocrx_word' id='word_1_410' title='bbox 1358 3706 1556 3764; x_wconf 87' lang='lat' dir='ltr'><strong>arinus</strong></span> <span class='ocrx_word' id='word_1_411' title='bbox 1575 3704 1866 3785; x_wconf 90' lang='lat' dir='ltr'><strong>Pamphili</strong></span> <span class='ocrx_word' id='word_1_412' title='bbox 1887 3704 2336 3765; x_wconf 85' lang='lat' dir='ltr'><strong>dissimillimus:</strong></span> <span class='ocrx_word' id='word_1_413' title='bbox 2368 3704 2510 3763; x_wconf 87' lang='lat' dir='ltr'><strong>nihil</strong></span> <span class='ocrx_word' id='word_1_414' title='bbox 2529 3704 2730 3762; x_wconf 88' lang='lat' dir='ltr'><strong>mode-</strong></span> 
     </span>
     <span class='ocr_line' id='line_1_44' title="bbox 260 3780 2730 3861; baseline 0.002 -26"><span class='ocrx_word' id='word_1_415' title='bbox 260 3792 449 3836; x_wconf 87' lang='lat' dir='ltr'><strong>ratum</strong></span> <span class='ocrx_word' id='word_1_416' title='bbox 477 3780 535 3836; x_wconf 89' lang='lat' dir='ltr'><strong>in</strong></span> <span class='ocrx_word' id='word_1_417' title='bbox 563 3781 697 3851; x_wconf 90' lang='lat' dir='ltr'><strong>hoc,</strong></span> <span class='ocrx_word' id='word_1_418' title='bbox 726 3782 865 3838; x_wconf 90' lang='lat' dir='ltr'><strong>nihil</strong></span> <span class='ocrx_word' id='word_1_419' title='bbox 898 3782 1159 3839; x_wconf 80' lang='lat' dir='ltr'><strong>consilii:</strong></span> <span class='ocrx_word' id='word_1_420' title='bbox 1202 3784 1410 3842; x_wconf 71' lang='lat' dir='ltr'><strong>contra</strong></span> <span class='ocrx_word' id='word_1_421' title='bbox 1449 3784 1510 3841; x_wconf 91' lang='lat' dir='ltr'><strong>in</strong></span> <span class='ocrx_word' id='word_1_422' title='bbox 1555 3784 1657 3844; x_wconf 91' lang='lat' dir='ltr'><strong>illo</strong></span> <span class='ocrx_word' id='word_1_423' title='bbox 1696 3783 2088 3844; x_wconf 87' lang='lat' dir='ltr'><strong>moderatiora</strong></span> <span class='ocrx_word' id='word_1_424' title='bbox 2131 3782 2324 3841; x_wconf 88' lang='lat' dir='ltr'><strong>omnia</strong></span> <span class='ocrx_word' id='word_1_425' title='bbox 2349 3784 2524 3861; x_wconf 77' lang='lat' dir='ltr'><strong>pene,</strong></span> <span class='ocrx_word' id='word_1_426' title='bbox 2553 3782 2730 3860; x_wconf 65' lang='lat' dir='ltr'><strong>quam</strong></span> 
     </span>
     <span class='ocr_line' id='line_1_45' title="bbox 262 3850 1245 3935; baseline 0.007 -23"><span class='ocrx_word' id='word_1_427' title='bbox 262 3856 352 3914; x_wconf 84' lang='lat' dir='ltr'><strong>vel</strong></span> <span class='ocrx_word' id='word_1_428' title='bbox 384 3868 521 3916; x_wconf 83' lang='lat' dir='ltr'><strong>aetas</strong></span> <span class='ocrx_word' id='word_1_429' title='bbox 548 3850 755 3935; x_wconf 44' lang='lat' dir='ltr'><strong>pose&amp;</strong></span> <span class='ocrx_word' id='word_1_430' title='bbox 786 3860 874 3917; x_wconf 82' lang='lat' dir='ltr'><strong>vel</strong></span> <span class='ocrx_word' id='word_1_431' title='bbox 904 3860 1042 3918; x_wconf 90' lang='lat' dir='ltr'><strong>sinit</strong></span> <span class='ocrx_word' id='word_1_432' title='bbox 1062 3879 1245 3919; x_wconf 90' lang='lat' dir='ltr'><strong>amor.</strong></span> 
     </span>
    </p>

    <p class='ocr_par' dir='ltr' id='par_1_10' title="bbox 257 3934 2732 4097">
     <span class='ocr_line' id='line_1_46' title="bbox 342 3934 2732 4020; baseline 0.002 -28"><span class='ocrx_word' id='word_1_433' title='bbox 342 3934 413 3992; x_wconf 92' lang='lat' dir='ltr'><strong>In</strong></span> <span class='ocrx_word' id='word_1_434' title='bbox 441 3936 635 4013; x_wconf 88' lang='lat' dir='ltr'><strong>primis</strong></span> <span class='ocrx_word' id='word_1_435' title='bbox 662 3937 945 3997; x_wconf 88' lang='lat' dir='ltr'><strong>mirentur</strong></span> <span class='ocrx_word' id='word_1_436' title='bbox 971 3939 1363 4018; x_wconf 83' lang='lat' dir='ltr'><strong>eloquentiam</strong></span> <span class='ocrx_word' id='word_1_437' title='bbox 1392 3945 1584 4018; x_wconf 64' lang='lat' dir='ltr'><strong>poetae</strong></span> <span class='ocrx_word' id='word_1_438' title='bbox 1611 3940 1670 3999; x_wconf 90' lang='lat' dir='ltr'><strong>in</strong></span> <span class='ocrx_word' id='word_1_439' title='bbox 1698 3940 1988 4020; x_wconf 88' lang='lat' dir='ltr'><strong>Pamphili</strong></span> <span class='ocrx_word' id='word_1_440' title='bbox 2017 3935 2290 4019; x_wconf 84' lang='lat' dir='ltr'><strong>querelis,</strong></span> <span class='ocrx_word' id='word_1_441' title='bbox 2319 3936 2376 3994; x_wconf 89' lang='lat' dir='ltr'><strong>in</strong></span> <span class='ocrx_word' id='word_1_442' title='bbox 2405 3936 2560 3997; x_wconf 86' lang='lat' dir='ltr'><strong>senis</strong></span> <span class='ocrx_word' id='word_1_443' title='bbox 2599 3956 2732 3997; x_wconf 88' lang='lat' dir='ltr'><strong>nar-</strong></span> 
     </span>
     <span class='ocr_line' id='line_1_47' title="bbox 257 4013 2730 4097; baseline 0.002 -28"><span class='ocrx_word' id='word_1_444' title='bbox 257 4013 598 4083; x_wconf 87' lang='lat' dir='ltr'><strong>rationibus,</strong></span> <span class='ocrx_word' id='word_1_445' title='bbox 625 4017 1167 4088; x_wconf 84' lang='lat' dir='ltr'><strong>consultationibus,</strong></span> <span class='ocrx_word' id='word_1_446' title='bbox 1196 4030 1257 4076; x_wconf 91' lang='lat' dir='ltr'><strong>et</strong></span> <span class='ocrx_word' id='word_1_447' title='bbox 1284 4019 1811 4097; x_wconf 87' lang='lat' dir='ltr'><strong>objurgationibus.</strong></span> <span class='ocrx_word' id='word_1_448' title='bbox 1895 4022 1994 4077; x_wconf 88' lang='lat' dir='ltr'><strong>Ab</strong></span> <span class='ocrx_word' id='word_1_449' title='bbox 2019 4017 2108 4077; x_wconf 89' lang='lat' dir='ltr'><strong>his</strong></span> <span class='ocrx_word' id='word_1_450' title='bbox 2129 4014 2418 4094; x_wconf 87' lang='lat' dir='ltr'><strong>exemplis</strong></span> <span class='ocrx_word' id='word_1_451' title='bbox 2449 4028 2510 4075; x_wconf 92' lang='lat' dir='ltr'><strong>et</strong></span> <span class='ocrx_word' id='word_1_452' title='bbox 2533 4018 2730 4087; x_wconf 85' lang='lat' dir='ltr'><strong>verba,</strong></span> 
     </span>
    </p>
   </div>
   <div class='ocr_carea' id='block_1_3' title="bbox 259 4090 2842 4171">
    <p class='ocr_par' dir='ltr' id='par_1_11' title="bbox 259 4090 2842 4171">
     <span class='ocr_line' id='line_1_48' title="bbox 259 4090 2842 4171; baseline 0.003 -23"><span class='ocrx_word' id='word_1_453' title='bbox 259 4102 320 4149; x_wconf 91' lang='lat' dir='ltr'><strong>et</strong></span> <span class='ocrx_word' id='word_1_454' title='bbox 348 4090 565 4169; x_wconf 85' lang='lat' dir='ltr'><strong>figuras</strong></span> <span class='ocrx_word' id='word_1_455' title='bbox 592 4092 785 4153; x_wconf 85' lang='lat' dir='ltr'><strong>Latini</strong></span> <span class='ocrx_word' id='word_1_456' title='bbox 828 4095 1130 4163; x_wconf 80' lang='lat' dir='ltr'><strong>sermonis,</strong></span> <span class='ocrx_word' id='word_1_457' title='bbox 1177 4108 1239 4154; x_wconf 90' lang='lat' dir='ltr'><strong>et</strong></span> <span class='ocrx_word' id='word_1_458' title='bbox 1280 4096 1517 4154; x_wconf 86' lang='lat' dir='ltr'><strong>dicendi</strong></span> <span class='ocrx_word' id='word_1_459' title='bbox 1569 4097 1852 4157; x_wconf 87' lang='lat' dir='ltr'><strong>rationem</strong></span> <span class='ocrx_word' id='word_1_460' title='bbox 1893 4104 2233 4157; x_wconf 86' lang='lat' dir='ltr'><strong>assuescant</strong></span> <span class='ocrx_word' id='word_1_461' title='bbox 2263 4105 2466 4171; x_wconf 85' lang='lat' dir='ltr'><strong>petere</strong></span> <span class='ocrx_word' id='word_1_462' title='bbox 2503 4094 2731 4154; x_wconf 89' lang='lat' dir='ltr'><strong>adoles·</strong></span> <span class='ocrx_word' id='word_1_463' title='bbox 2825 4148 2842 4155; x_wconf 89' lang='lat'><strong>-</strong></span> 
     </span>
    </p>
   </div>
   <div class='ocr_carea' id='block_1_4' title="bbox 248 4170 2736 4876">
    <p class='ocr_par' dir='ltr' id='par_1_12' title="bbox 254 4170 2733 4393">
     <span class='ocr_line' id='line_1_49' title="bbox 256 4170 2733 4257; baseline 0.002 -30"><span class='ocrx_word' id='word_1_464' title='bbox 256 4182 499 4230; x_wconf 83' lang='lat' dir='ltr'><strong>centes:</strong></span> <span class='ocrx_word' id='word_1_465' title='bbox 542 4170 767 4232; x_wconf 71' lang='lat' dir='ltr'><strong>felicius</strong></span> <span class='ocrx_word' id='word_1_466' title='bbox 803 4174 963 4232; x_wconf 88' lang='lat' dir='ltr'><strong>haud</strong></span> <span class='ocrx_word' id='word_1_467' title='bbox 991 4174 1171 4233; x_wconf 78' lang='lat' dir='ltr'><strong>dubie</strong></span> <span class='ocrx_word' id='word_1_468' title='bbox 1200 4174 1548 4233; x_wconf 89' lang='lat' dir='ltr'><strong>collocaturi</strong></span> <span class='ocrx_word' id='word_1_469' title='bbox 1576 4196 1834 4255; x_wconf 89' lang='lat' dir='ltr'><strong>operam,</strong></span> <span class='ocrx_word' id='word_1_470' title='bbox 1863 4175 2040 4257; x_wconf 72' lang='lat' dir='ltr'><strong>quam</strong></span> <span class='ocrx_word' id='word_1_471' title='bbox 2067 4175 2114 4234; x_wconf 83' lang='lat' dir='ltr'><strong>si</strong></span> <span class='ocrx_word' id='word_1_472' title='bbox 2142 4172 2388 4247; x_wconf 86' lang='lat' dir='ltr'><strong>interea,</strong></span> <span class='ocrx_word' id='word_1_473' title='bbox 2414 4172 2576 4233; x_wconf 78' lang='lat' dir='ltr'><strong>velut</strong></span> <span class='ocrx_word' id='word_1_474' title='bbox 2613 4174 2733 4231; x_wconf 87' lang='lat' dir='ltr'><strong>for-</strong></span> 
     </span>
     <span class='ocr_line' id='line_1_50' title="bbox 254 4249 1376 4323; baseline 0.003 -17"><span class='ocrx_word' id='word_1_475' title='bbox 254 4249 421 4308; x_wconf 82' lang='lat' dir='ltr'><strong>micae</strong></span> <span class='ocrx_word' id='word_1_476' title='bbox 446 4249 687 4323; x_wconf 80' lang='lat' dir='ltr'><strong>Indicae,</strong></span> <span class='ocrx_word' id='word_1_477' title='bbox 718 4270 929 4311; x_wconf 87' lang='lat' dir='ltr'><strong>aurum</strong></span> <span class='ocrx_word' id='word_1_478' title='bbox 958 4253 1376 4311; x_wconf 82' lang='lat' dir='ltr'><strong>conveherent.</strong></span> 
     </span>
     <span class='ocr_line' id='line_1_51' title="bbox 1162 4330 1822 4393; baseline -0.002 -5"><span class='ocrx_word' id='word_1_479' title='bbox 1162 4330 1253 4388; x_wconf 84' lang='lat' dir='ltr'><strong>IN</strong></span> <span class='ocrx_word' id='word_1_480' title='bbox 1298 4330 1822 4393; x_wconf 86' lang='lat' dir='ltr'><strong>EUNUCHUM.</strong></span> 
     </span>
    </p>

    <p class='ocr_par' dir='ltr' id='par_1_13' title="bbox 248 4402 2736 4779">
     <span class='ocr_line' id='line_1_52' title="bbox 326 4402 2735 4486; baseline -0.004 -21"><span class='ocrx_word' id='word_1_481' title='bbox 326 4406 673 4467; x_wconf 66' lang='lat' dir='ltr'><strong>Commorat</strong></span> <span class='ocrx_word' id='word_1_482' title='bbox 720 4418 791 4467; x_wconf 90' lang='lat' dir='ltr'><strong>ut</strong></span> <span class='ocrx_word' id='word_1_483' title='bbox 838 4407 1135 4467; x_wconf 87' lang='lat' dir='ltr'><strong>hominum</strong></span> <span class='ocrx_word' id='word_1_484' title='bbox 1166 4408 1365 4477; x_wconf 81' lang='lat' dir='ltr'><strong>vitam,</strong></span> <span class='ocrx_word' id='word_1_485' title='bbox 1405 4428 1596 4479; x_wconf 90' lang='lat' dir='ltr'><strong>casus,</strong></span> <span class='ocrx_word' id='word_1_486' title='bbox 1643 4411 1886 4471; x_wconf 87' lang='lat' dir='ltr'><strong>consilia</strong></span> <span class='ocrx_word' id='word_1_487' title='bbox 1933 4410 2255 4478; x_wconf 89' lang='lat' dir='ltr'><strong>imitentur,</strong></span> <span class='ocrx_word' id='word_1_488' title='bbox 2283 4402 2548 4486; x_wconf 86' lang='lat' dir='ltr'><strong>pericula</strong></span> <span class='ocrx_word' id='word_1_489' title='bbox 2594 4419 2735 4458; x_wconf 88' lang='lat' dir='ltr'><strong>con-</strong></span> 
     </span>
     <span class='ocr_line' id='line_1_53' title="bbox 248 4476 2736 4567; baseline -0.001 -26"><span class='ocrx_word' id='word_1_490' title='bbox 248 4481 452 4553; x_wconf 89' lang='lat' dir='ltr'><strong>tinent,</strong></span> <span class='ocrx_word' id='word_1_491' title='bbox 482 4487 643 4565; x_wconf 72' lang='lat' dir='ltr'><strong>quod</strong></span> <span class='ocrx_word' id='word_1_492' title='bbox 672 4500 736 4546; x_wconf 92' lang='lat' dir='ltr'><strong>et</strong></span> <span class='ocrx_word' id='word_1_493' title='bbox 764 4486 1023 4546; x_wconf 88' lang='lat' dir='ltr'><strong>consiliis</strong></span> <span class='ocrx_word' id='word_1_494' title='bbox 1050 4498 1109 4565; x_wconf 72' lang='lat' dir='ltr'><strong>et</strong></span> <span class='ocrx_word' id='word_1_495' title='bbox 1135 4487 1407 4557; x_wconf 82' lang='lat' dir='ltr'><strong>fortunae,</strong></span> <span class='ocrx_word' id='word_1_496' title='bbox 1436 4487 1493 4545; x_wconf 90' lang='lat' dir='ltr'><strong>in</strong></span> <span class='ocrx_word' id='word_1_497' title='bbox 1524 4488 1800 4565; x_wconf 85' lang='lat' dir='ltr'><strong>periculis</strong></span> <span class='ocrx_word' id='word_1_498' title='bbox 1841 4492 2092 4549; x_wconf 71' lang='lat' dir='ltr'><strong>maxime</strong></span> <span class='ocrx_word' id='word_1_499' title='bbox 2132 4488 2298 4544; x_wconf 81' lang='lat' dir='ltr'><strong>locus</strong></span> <span class='ocrx_word' id='word_1_500' title='bbox 2335 4490 2445 4541; x_wconf 85' lang='lat' dir='ltr'><strong>est·</strong></span> <span class='ocrx_word' id='word_1_501' title='bbox 2469 4554 2482 4567; x_wconf 49' lang='lat'><strong>·</strong></span> <span class='ocrx_word' id='word_1_502' title='bbox 2525 4476 2736 4567; x_wconf 70' lang='lat' dir='ltr'><strong>ltaque</strong></span> 
     </span>
     <span class='ocr_line' id='line_1_54' title="bbox 248 4561 2735 4643; baseline -0.001 -24"><span class='ocrx_word' id='word_1_503' title='bbox 248 4561 383 4620; x_wconf 74' lang='lat' dir='ltr'><strong>cum</strong></span> <span class='ocrx_word' id='word_1_504' title='bbox 412 4564 713 4624; x_wconf 88' lang='lat' dir='ltr'><strong>discutere</strong></span> <span class='ocrx_word' id='word_1_505' title='bbox 734 4564 1063 4643; x_wconf 88' lang='lat' dir='ltr'><strong>periculum</strong></span> <span class='ocrx_word' id='word_1_506' title='bbox 1092 4566 1315 4624; x_wconf 84' lang='lat' dir='ltr'><strong>ratione</strong></span> <span class='ocrx_word' id='word_1_507' title='bbox 1345 4566 1708 4624; x_wconf 85' lang='lat' dir='ltr'><strong>contendant</strong></span> <span class='ocrx_word' id='word_1_508' title='bbox 1737 4588 2020 4641; x_wconf 61' lang='lat' dir='ltr'><strong>personas.</strong></span> <span class='ocrx_word' id='word_1_509' title='bbox 2043 4566 2348 4639; x_wconf 82' lang='lat' dir='ltr'><strong>finguntur</strong></span> <span class='ocrx_word' id='word_1_510' title='bbox 2366 4574 2520 4614; x_wconf 81' lang='lat' dir='ltr'><strong>vana</strong></span> <span class='ocrx_word' id='word_1_511' title='bbox 2544 4576 2735 4616; x_wconf 72' lang='lat' dir='ltr'><strong>consi-</strong></span> 
     </span>
     <span class='ocr_line' id='line_1_55' title="bbox 248 4638 2736 4721; baseline 0 -26"><span class='ocrx_word' id='word_1_512' title='bbox 248 4638 343 4706; x_wconf 89' lang='lat' dir='ltr'><strong>lia,</strong></span> <span class='ocrx_word' id='word_1_513' title='bbox 373 4642 431 4698; x_wconf 89' lang='lat' dir='ltr'><strong>in</strong></span> <span class='ocrx_word' id='word_1_514' title='bbox 460 4645 675 4721; x_wconf 89' lang='lat' dir='ltr'><strong>quibus</strong></span> <span class='ocrx_word' id='word_1_515' title='bbox 703 4642 819 4700; x_wconf 89' lang='lat' dir='ltr'><strong>alia</strong></span> <span class='ocrx_word' id='word_1_516' title='bbox 846 4642 1075 4709; x_wconf 85' lang='lat' dir='ltr'><strong>fallunt,</strong></span> <span class='ocrx_word' id='word_1_517' title='bbox 1105 4643 1233 4700; x_wconf 87' lang='lat' dir='ltr'><strong>alia·</strong></span> <span class='ocrx_word' id='word_1_518' title='bbox 1258 4642 1451 4701; x_wconf 79' lang='lat' dir='ltr'><strong>felicia</strong></span> <span class='ocrx_word' id='word_1_519' title='bbox 1479 4655 1634 4700; x_wconf 87' lang='lat' dir='ltr'><strong>sunt.</strong></span> <span class='ocrx_word' id='word_1_520' title='bbox 1719 4644 1892 4719; x_wconf 83' lang='lat' dir='ltr'><strong>Saepe&#39;</strong></span> <span class='ocrx_word' id='word_1_521' title='bbox 1917 4644 2050 4719; x_wconf 75' lang='lat' dir='ltr'><strong>plus</strong></span> <span class='ocrx_word' id='word_1_522' title='bbox 2091 4656 2262 4696; x_wconf 86' lang='lat' dir='ltr'><strong>casus</strong></span> <span class='ocrx_word' id='word_1_523' title='bbox 2302 4645 2517 4713; x_wconf 86' lang='lat' dir='ltr'><strong>potest,</strong></span> <span class='ocrx_word' id='word_1_524' title='bbox 2559 4638 2736 4717; x_wconf 70' lang='lat' dir='ltr'><strong>quam</strong></span> 
     </span>
     <span class='ocr_line' id='line_1_56' title="bbox 250 4718 2053 4779; baseline -0.001 -4"><span class='ocrx_word' id='word_1_525' title='bbox 250 4718 421 4776; x_wconf 79' lang='lat' dir='ltr'><strong>ratio.</strong></span> <span class='ocrx_word' id='word_1_526' title='bbox 500 4722 867 4779; x_wconf 84' lang='lat' dir='ltr'><strong>Dominatur</strong></span> <span class='ocrx_word' id='word_1_527' title='bbox 896 4718 1015 4775; x_wconf 70' lang='lat' dir='ltr'><strong>fere</strong></span> <span class='ocrx_word' id='word_1_528' title='bbox 1042 4720 1100 4775; x_wconf 88' lang='lat' dir='ltr'><strong>in</strong></span> <span class='ocrx_word' id='word_1_529' title='bbox 1130 4722 1305 4776; x_wconf 87' lang='lat' dir='ltr'><strong>rebus</strong></span> <span class='ocrx_word' id='word_1_530' title='bbox 1333 4720 1590 4775; x_wconf 86' lang='lat' dir='ltr'><strong>fortuna.</strong></span> <span class='ocrx_word' id='word_1_531' title='bbox 2043 4718 2053 4725; x_wconf 79' lang='grc'><strong>”</strong></span> 
     </span>
    </p>

    <p class='ocr_par' dir='ltr' id='par_1_14' title="bbox 330 4783 2736 4876">
     <span class='ocr_line' id='line_1_57' title="bbox 330 4783 2736 4876; baseline -0.007 -21"><span class='ocrx_word' id='word_1_532' title='bbox 330 4797 631 4876; x_wconf 86' lang='lat' dir='ltr'><strong>Superiori</strong></span> <span class='ocrx_word' id='word_1_533' title='bbox 660 4796 864 4856; x_wconf 64' lang='lat' dir='ltr'><strong>fabula</strong></span> <span class='ocrx_word' id='word_1_534' title='bbox 881 4796 1187 4873; x_wconf 84' lang='lat' dir='ltr'><strong>proposuit</strong></span> <span class='ocrx_word' id='word_1_535' title='bbox 1216 4794 1467 4853; x_wconf 87' lang='lat' dir='ltr'><strong>modesti</strong></span> <span class='ocrx_word' id='word_1_536' title='bbox 1512 4790 1906 4848; x_wconf 85' lang='lat' dir='ltr'><strong>adolescentis</strong></span> <span class='ocrx_word' id='word_1_537' title='bbox 1949 4783 2288 4858; x_wconf 85' lang='lat' dir='ltr'><strong>exemplum</strong></span> <span class='ocrx_word' id='word_1_538' title='bbox 2312 4806 2328 4841; x_wconf 76' lang='lat' dir='ltr'><em>z</em></span> <span class='ocrx_word' id='word_1_539' title='bbox 2369 4786 2417 4839; x_wconf 89' lang='lat' dir='ltr'><strong>is</strong></span> <span class='ocrx_word' id='word_1_540' title='bbox 2443 4786 2519 4843; x_wconf 90' lang='lat' dir='ltr'><strong>de</strong></span> <span class='ocrx_word' id='word_1_541' title='bbox 2547 4788 2736 4843; x_wconf 84' lang='lat' dir='ltr'><strong>officio</strong></span> 
     </span>
    </p>
   </div>
  </div>
 </body>
</html>
