3067 4959
1180 328 1843 401 TERENTIANA.·
2566 336 2717 403 'xliii

843 488 914 541 'Ut
931 500 980 541 te
999 490 1180 557 quidem
1199 506 1358 544 omnes
1379 489 1458 555 dii,
1478 490 1675 559 deaque,
1698 494 1859 557 superi,
1881 492 2027 551 inferi,

814 582 820 589 ·
843 558 984 605 Malis
1003 560 1221 621 exemplis
1241 561 1454 623 perdant:
1493 562 1596 607 hem
1619 561 1657 607 si
1678 561 1784 621 quid
1803 560 1929 615 velis,

839 622 968 670 Huic
987 624 1174 671 mandes
1195 625 1316 686 quod
1335 624 1514 687 quidem
1538 621 1659 673 reete
1680 634 1883 671 curatum
1906 624 2034 671 velis.

335 692 454 758 Qui
482 706 681 749 versus
705 698 1032 765 postremus
1059 688 1198 746 edm
1226 708 1555 747 mensuram
1583 688 1921 757 excederet,
1964 704 2157 766 neque
2186 698 2383 747 tamen
2411 708 2583 767 posse
2611 687 2717 751 de-

245 770 408 828 trahi
451 768 765 846 quidquam
793 766 1068 833 viderem,
1110 784 1304 844 neque
1344 766 1613 825 absoluta
1652 766 1825 825 etiam
1866 766 2039 844 plane
2084 784 2211 824 esse
2240 766 2558 837 videretur,
2628 788 2723 827 er-

249 849 536 925 sectaque
562 844 868 913 sententia,
891 842 1086 901 incido
1107 843 1164 900 in
1194 843 1482 914 codicem,
1505 864 1623 902 non
1646 844 1806 902 illum
1873 844 2089 913 uidem,
2119 844 2218 921 qui
2244 846 2351 903 sua
2370 857 2725 905 auctoritate

251 925 434 983 fidem
463 924 660 983 facere
687 922 973 993 debuerit,
999 920 1103 980 sed
1129 921 1233 1000 qui
1259 942 1498 982 monere
1527 934 1728 981 tamen
1768 922 1849 981 du
1892 922 2137 981 itautem
2177 923 2459 999 potuerit.
2536 924 2611 981 In
2649 943 2725 985 eo

257 1004 356 1063 sic
383 1002 666 1079 scriptum
695 1011 854 1059 erati
2390 1036 2403 1043 -

845 1076 916 1125 Ut
936 1085 983 1125 te
1002 1078 1178 1139 quidem
1199 1094 1358 1126 omnes
1379 1074 1454 1135 dii,
1472 1080 1671 1141 deaeque,
1696 1079 1857 1139 superi,
1880 1077 2025 1135 inseri,

841 1142 983 1189 Malis
1005 1143 1218 1204 exemplis
1239 1144 1453 1205 perdant:
1491 1146 1597 1190 hem
1620 1144 1657 1189 si
1678 1142 1784 1203 quid
1808 1144 1933 1199 velis,

844 1206 972 1253 Huic
993 1208 1190 1263 mandes,
1214 1208 1336 1269 quod
1358 1206 1482 1255 rectd
1504 1215 1707 1254 curatum
1725 1206 1903 1267 quidem

845 1270 991 1326 Velis,
1015 1272 1070 1317 ad
1093 1272 1327 1333 scopulum
1349 1272 1426 1333 qui
1447 1284 1496 1319 ta
1511 1269 1541 1317 ὲ
1560 1270 1801 1336 tranquillo
1822 1270 2000 1319 inferat.

343 1340 532 1403 Quem
571 1354 804 1395 versum
847 1334 1267 1393 Terentianum
1309 1354 1438 1394 esse
1477 1354 1695 1411 negare
1742 1353 1915 1393 nemo
1954 1334 2165 1425 possit.
2248 1335 2413 1395 Idem
2462 1336 2725 1414 ejusdem

261 1416 478 1474 fabulae
505 1418 647 1474 Act.
674 1414 752 1471 V.
778 1431 862 1471 sc.
881 1411 990 1470 VI.
1017 1412 1306 1489 flagitium
1334 1412 1845 1492 deprehendimus,
1872 1414 1971 1473 ubi
1991 1413 2119 1472 haec
2139 1414 2383 1473 deerant
2404 1415 2725 1488 trochaico,

845 1506 1040 1556 Cui-{alis
1062 1508 1250 1557 vernula
1269 1516 1341 1557 est
1361 1510 1437 1571 qui
1459 1524 1536 1555 me
1554 1519 1705 1555 vocat.

346 1578 496 1640 Quae
520 1572 700 1631 verba
725 1591 833 1631 suo
857 1571 994 1630 loco
1022 1583 1084 1631 et
1112 1572 1378 1631 Terentii
1405 1592 1535 1631 esse
1562 1570 1942 1644 ostendimus,
1982 1583 2046 1631 et
2086 1572 2227 1652 quid
2266 1572 2555 1633 haberent
2590 1593 2726 1634 sen-

266 1652 472 1713 tentiae
499 1650 946 1711 declaravimus.

350 1730 411 1791 Si
438 1751 569 1810 quae
595 1728 828 1809 generis
847 1740 985 1787 sunt
1005 1728 1181 1805 hujus
1205 1726 1416 1789 vellem
1438 1727 1633 1789 omnia
1648 1744 1978 1798 recensere,
2002 1727 2272 1789 volumen
2294 1728 2331 1789 a
2346 1748 2440 1789 me
2460 1728 2728 1801 haberes,

265 1829 386 1868 non
436 1808 760 1887 epistolam.
841 1807 976 1865 Jam
1023 1806 1100 1865 de
1142 1826 1417 1867 versuum
1465 1826 1685 1898 genere
1724 1818 1785 1866 et
1826 1798 2199 1867 distinctione
2238 1808 2489 1886 puderet
2528 1806 2730 1867 dicere

259 1890 442 1965 quam
471 1887 640 1945 aliter
665 1883 950 1944 sentimus
972 1904 1098 1955 nos,
1122 1887 1300 1964 quam
1319 1886 1379 1956 ii,
1404 1905 1504 1966 qm
1527 1898 1667 1945 ante
1685 1904 1793 1945 nos
1811 1884 2071 1956 fuerunt,
2094 1886 2204 1945 nisi
2222 1886 2298 1944 ad
2315 1897 2374 1945 te
2393 1885 2729 1957 scriberem,

262 1966 374 2043 qui
399 1966 468 2023 iis
495 1965 570 2024 de
595 1965 774 2022 rebus
791 1962 1060 2039 judicare
1088 1966 1344 2023 omnium
1373 1964 1592 2043 optime
1619 1975 1805 2043 potes.
1888 1964 2129 2022 Initium
2158 1975 2249 2021 est
2276 1966 2417 2022 Act.
2443 1962 2493 2021 1.
2520 1982 2605 2021 sc.
2626 1962 2701 2021 V.

533 2062 594 2108 P.
628 2060 798 2107 Hoene
817 2067 888 2105 est
904 2059 1152 2107 humanum
1171 2058 1338 2107 factum
1360 2067 1438 2107 aut
1455 2058 1721 2122 inceptum?
1753 2055 1940 2107 hoccine
1960 2058 2156 2106 officium
2177 2058 2350 2121 patria?

533 2124 612 2171 M.
647 2122 771 2233 Qfiuid
790 2122 898 2232 illiud
920 2120 1026 2169 est?
1091 2124 1152 2170 P.
1185 2122 1280 2171 Prd
1301 2123 1430 2171 dessm
1460 2132 1598 2187 atque
1618 2124 1851 2172 hominum
1873 2122 2019 2181 fldem.
2044 2124 2151 2190 quid
2172 2130 2255 2183 est,
2280 2123 2318 2171 si
2340 2134 2431 2171 non
2452 2122 2552 2171 haec
2571 2131 2732 2171 connv-

599 2204 674 2235 me
705 2203 733 2234 8
752 2196 824 2234 8δῖ

533 2250 739 2300 ‘Uxorem
764 2248 964 2299 decrerat
985 2250 1090 2299 dare
1109 2266 1208 2300 sese
1228 2252 1337 2299 mihi
1357 2250 1519 2301 bodie:
1558 2262 1711 2302 nonne
1732 2252 1931 2317 oportuit

527 2317 772 2365 Praeseisse
793 2332 868 2363 me
886 2314 988 2363 anti
1003 2316 1027 2362 ἲ
1057 2332 1209 2365 nonne
1227 2316 1352 2380 prius
1373 2319 1751 2367 communicatum
1774 2317 2008 2382 oportuit?

523 2383 600 2431 M.
631 2381 856 2429 Miserum
878 2394 964 2437 me,
986 2382 1106 2442 quod
1129 2383 1314 2429 verbum
1335 2382 1469 2430 audio
1483 2382 1510 2428 ’ἒ

521 2448 586 2495 Ρ.
624 2446 750 2501 Quid
773 2444 1010 2501 Chremes,
1032 2446 1108 2507 qui
1130 2444 1376 2509 denegarat
1395 2462 1446 2494 se
1467 2444 1813 2495 commissurum
1835 2448 1945 2495 mihi

527 2510 728 2557 Gnatam
753 2524 880 2556 suam
904 2522 1090 2557 uxorem
1107 2510 1132 2555 ἲ
1163 2510 1211 2557 id
1233 2508 1437 2565 mutavit,
1461 2513 1566 2572 quia
1586 2528 1661 2559 me
1680 2514 1965 2561 immutatum
1987 2512 2123 2569 videt,

523 2574 656 2623 Itane
678 2570 898 2621 obstinate
919 2588 1100 2637 operam
1123 2575 1213 2630 dat,
1238 2582 1291 2621 ut
1311 2590 1386 2622 me
1400 2572 1426 2620 λ
1451 2572 1667 2637 Glycerio
1690 2578 1901 2625 miserum
1923 2580 2151 2625 abstrahat
2164 2575 2189 2624 ἲ

497 2640 662 2693 ‘Quod
687 2638 724 2684 si
746 2638 812 2693 fit,
835 2653 972 2701 pereo
991 2638 1213 2686 funditus.

515 2701 700 2752 Adedu'
723 2702 952 2750 hominem
973 2718 1076 2750 esse
1093 2703 1398 2759 invenustum,
1422 2711 1502 2752 aut
1519 2702 1743 2753 infelicem
1765 2720 2031 2769 quenquam,
2054 2714 2107 2755 ut
2124 2722 2213 2771 ego
2226 2706 2251 2753 'z’

522 2766 620 2816 1³16
638 2768 774 2817 deum
799 2777 933 2829 atque
952 2768 1190 2815 hominum
1210 2767 1358 2823 fidem,
1383 2769 1570 2817 nullone
1590 2784 1679 2832 ego

521 2830 784 2881 Chremetis
802 2840 935 2893 pacto
957 2830 1233 2879 adfinitatem
1255 2832 1456 2895 effugere
1474 2830 1671 2896 potero?
1704 2843 1815 2896 quot
1835 2834 1981 2883 modis

522 2896 844 2957 Contemptus,
869 2896 1082 2957 spretus?
1113 2895 1248 2953 facta,
1273 2904 1496 2944 transacta
1517 2898 1698 2945 omnia:
1736 2900 1840 2945 hem

522 2960 806 3022 Repudiatus
826 2968 1016 3022 repeton
1039 2960 1330 3021 quamobrem
1344 2960 1368 3007 i’
1401 2962 1486 3009 nisi
1507 2964 1547 3009 si
1566 2962 1611 3009 id
1633 2970 1703 3009 est
1724 2964 1843 3024 quod
1866 2962 2079 3023 suspicor,

531 3024 717 3084 Aliquid
736 3026 924 3071 monstri
945 3024 1072 3071 alunt
1089 3042 1101 3070 a
1143 3038 1196 3071 ea
1215 3026 1426 3085 quoniam
1449 3028 1618 3074 nemini
1638 3028 1815 3073 obtrudi
1835 3033 1998 3088 potest,

531 3086 636 3133 Itur
657 3087 713 3133 ad
734 3102 822 3133 me.
887 3088 962 3133 M.
991 3086 1151 3133 Oratio
1172 3089 1270 3135 baee
1291 3106 1364 3138 me
1383 3092 1593 3139 miseram
1615 3091 1891 3139 exanimavit
1911 3096 2049 3135 metu.

540 3152 630 3196 Pa.
661 3150 788 3195 Num
809 3150 914 3210 quid
933 3164 1022 3211 ego
1043 3151 1188 3199 dicam
1208 3152 1264 3199 de
1281 3163 1406 3215 patre
1419 3155 1443 3200 Ρ
1475 3157 1547 3211 ab,
1936 3194 1941 3199 .

539 3212 796 3260 Tantamne
813 3228 908 3261 rem
929 3220 1020 3261 tam
1043 3216 1322 3279 negligenter
1337 3220 1512 3282 agere?
1544 3217 1805 3282 preteriens
1825 3210 1976 3265 mod&-

356 3292 609 3353 Versum
638 3288 888 3371 primum
917 3314 1044 3354 esse
1071 3296 1254 3357 voluit
1291 3298 1571 3359 Erasmus
1610 3298 1924 3359 iambicum
1966 3293 2329 3355 octonarium
2358 3299 2534 3371 justae
2573 3307 2733 3357 men*

263 3394 446 3443 surse,
469 3368 531 3431 id
549 3372 702 3431 enim
727 3370 925 3431 dicere
944 3374 1197 3434 solemus
1216 3375 1685 3437 acatalecticum.
1735 3377 2075 3438 Secundum
2097 3374 2459 3434 octonarium
2479 3390 2735 3455 quoque,

271 3456 371 3513 cui
415 3464 612 3511 tamen
652 3446 960 3511 accinatur
983 3462 1047 3512 et
1073 3454 1425 3515 adnectatur
1450 3467 1837 3527 monometer,
1865 3454 1981 3514 hoc
2009 3466 2119 3525 est,
2148 3468 2283 3523 una,
2312 3462 2377 3512 ut
2408 3454 2603 3513 Graeci
2634 3470 2735 3513 vo·-

271 3542 430 3596 cant,
465 3524 694 3599 διποδὶα,
722 3548 796 3588 ea
821 3541 1016 3591 autem
1045 3526 1178 3601 erit,
1207 3536 1272 3591 ta
1299 3538 1385 3593 mi?
1411 3533 1495 3592 ῖῖα
1520 3537 1622 3594 &st-
1704 3532 1791 3593 At
1819 3553 1933 3591 non
1964 3532 2255 3593 accinitur
2280 3530 2529 3592 iambico
2568 3543 2735 3592 octo-

267 3608 454 3679 nario,
483 3606 590 3667 sed
617 3608 913 3667 scazonti:
956 3620 1198 3668 octavus
1237 3610 1390 3669 enim
1433 3629 1541 3690 pes
1580 3612 1892 3691 spondaeus
1918 3623 2043 3671 estz
2084 3608 2253 3670 valdd
2282 3611 2421 3669 mihi
2449 3620 2738 3689 praeterea

271 3700 544 3765 argutum
567 3685 803 3745 videtur
828 3684 889 3744 in
905 3686 1112 3746 eadem
1141 3686 1399 3748 dictione
1421 3702 1482 3747 et
1503 3688 1789 3751 octonarii
1809 3689 2005 3759 finem,
2028 3700 2090 3748 et
2108 3686 2454 3749 monometri
2472 3704 2737 3767 quoerere

275 3764 518 3824 initium.
621 3762 892 3824 Tertium
935 3763 1248 3825 iambicum
1291 3770 1658 3827 octonarium
1700 3788 1829 3829 esse
1866 3765 2071 3836 voluit,
2123 3766 2282 3846 quod
2326 3766 2451 3826 fieri
2501 3766 2735 3825 minime

275 3851 488 3921 potest,
511 3839 648 3903 edm
669 3840 838 3903 hodie
857 3854 1188 3903 extremum
1211 3847 1538 3923 producat:
1567 3858 1839 3938 quartum
1902 3845 2093 3906 eneris
2113 3844 2395 3922 ejusdem,
2420 3843 2735 3904 dimetrum

273 3920 566 3999 quintum,
613 3932 849 3981 sextum
897 3920 1285 3994 trochaicum,
1334 3936 1701 3985 octonarium
1746 3866 2179 3993 catzfiecticum,
2222 3920 2361 3981 cum
2407 3934 2469 3981 et
2510 3925 2736 4001 priores

275 4016 480 4057 omnes
504 3997 735 4059 iambici
770 4000 908 4068 sint,
948 4016 1141 4079 neque
1182 4000 1292 4059 nisi
1331 4000 1567 4062 iambici
1608 4012 1946 4081 sequantur.
2025 4001 2321 4061 Octavum
2368 4002 2736 4061 octonarium

271 4074 424 4135 fecit
446 4076 776 4148 iambicum,
807 4094 1024 4137 nonum
1053 4080 1365 4138 dimetrum
1392 4079 1725 4141 iambicum.
1794 4075 2108 4139 Decimum
2137 4080 2503 4137 octonarium
2530 4080 2736 4139 iambi-

273 4170 438 4221 cum,
489 4154 538 4211 si
583 4156 820 4231 quidem
861 4154 922 4213 in
969 4155 1343 4229 invenustum,
1387 4178 1426 4217 a
1465 4158 1719 4239 primum
1760 4159 1961 4229 elidas,
2047 4152 2164 4215 uod
2207 4155 2441 4236 quidem
2470 4158 2519 4217 si
2558 4159 2739 4217 verba

267 4230 508 4291 modice
539 4240 899 4311 transponas,
939 4234 1174 4292 minime
1213 4248 1308 4295 est
1348 4255 1494 4315 opus
1515 4256 1532 4297 ε
1576 4235 1971 4307 undecimum,
2055 4237 2328 4295 imetrum
2370 4236 2737 4295 redundante

264 4310 444 4389 pede,
477 4326 697 4368 novum
726 4313 883 4383 sane,
913 4324 980 4371 nt
1006 4312 1201 4372 dicam
1227 4311 1538 4386 levissime,
1580 4332 1773 4395 genus
1810 4315 2111 4373 cat-minist
2156 4314 2315 4374 hunc
2344 4315 2443 4391 qui
2470 4311 2737 4389 sequitur

265 4390 640 4449 octonarium
665 4406 862 4450 rursus
889 4392 1223 4462 iambicum,
1253 4403 1386 4470 post
1416 4410 1594 4472 quem
1622 4394 1970 4463 trimetrum,
1997 4394 2165 4470 sequi
2194 4393 2379 4451 voluit
2404 4388 2737 4447 trochaicus

267 4478 390 4527 tres
418 4477 819 4539 tetrametros,
847 4468 1230 4529 catalecticos
1257 4490 1360 4529 eos
1387 4469 1647 4565 quidem,
1676 4472 1889 4553 quibus
1914 4472 2222 4549 subjunxit
2248 4470 2556 4527 dimetrum
2591 4464 2737 4521 iam-

261 4544 464 4605 bicum
505 4546 985 4617 academicum,
1028 4545 1164 4605 edm
1205 4546 1439 4609 dimetri
1479 4550 1743 4628 ejusdem
1784 4566 1913 4609 esse
1951 4550 2185 4627 generis
2224 4546 2469 4629 soleant·
2489 4558 2625 4631 cum
2665 4541 2738 4602 iis

265 4622 480 4702 quibus
509 4623 734 4685 fuerint
759 4623 998 4699 adjecti.
1079 4624 1232 4684 Haee
1257 4624 1326 4697 si,
1355 4626 1849 4707 quemadmodum
1880 4626 2158 4684 Erasmus
2184 4620 2589 4705 vum-scripsit
2619 4620 2737 4677 Te-

261 4702 516 4777 rentius,
545 4701 690 4763 mihi
718 4702 884 4764 certe
909 4718 1028 4763 non
1055 4712 1148 4766 est
1171 4700 1384 4782 poiitaz
1411 4716 1474 4765 at
1499 4722 1695 4784 neque
1714 4703 1801 4765 ita
1817 4700 2086 4780 scripsitg
2110 4710 2302 4772 neque
2322 4692 2507 4753 xdnos
2526 4707 2736 4771 putare
