3067 4959
325 320 469 388 cviii
1151 304 1881 376 PROLEGOMENA

329 478 552 542 charmi
577 475 847 544 imitatio,
875 485 940 533 ut
966 471 1349 542 festivissima,
1375 469 1460 528 ita
1483 467 1532 527 si
1558 467 1634 526 sit
1672 466 1969 545 frequens,
2008 463 2229 545 frigore
2270 483 2385 523 non
2412 475 2581 523 caret
2602 483 2621 522 ε
2664 485 2809 543 quas

329 559 418 628 fit,
448 558 582 618 cum
609 556 701 614 vel
729 553 876 613 falsa
901 563 1296 628 opponuntur,
1325 560 1429 607 aut
1453 547 1785 624 subjectum
1815 544 1971 604 idem
2000 557 2091 604 est
2118 563 2253 604 cum
2282 543 2626 622 predicato.
2714 543 2807 602 Ut

331 639 468 697 cuni
499 632 883 714 Epicharmus
909 629 1096 687 dixit:
1733 671 1741 676 .

587 713 710 760 '1²62-
727 709 807 770 μὶν
825 709 866 755 ln
886 707 1024 761 ‘tiron
1047 707 1138 768 bu*
1157 703 1224 764 τι,
1245 705 1363 754 οὗ..
1381 701 1426 752 ἶὶ
1447 703 1579 768 rag&
1600 701 1753 754 ἄνευ.

585 775 719 824 Tune
739 775 855 820 inter
875 771 976 820 illos
995 789 1086 835 ego
1106 787 1243 826 mm,
1267 779 1374 818 tunc
1397 769 1514 830 apud
1535 767 1653 814 illos.

411 843 512 904 Bis
537 839 690 899 enim
711 837 866 896 idem
888 835 1066 895 dicite
1093 853 1225 914 quae
1245 846 1335 894 est
1353 832 1514 890 fraus
1533 831 1593 888 in
1614 828 1805 889 verbis
1822 840 2037 920 praeter
2058 826 2584 906 exspectationem.
2626 825 2795 884 Idem

331 934 526 982 autem
555 929 644 976 est
673 935 806 975 cum
837 912 1156 992 praedicato
1181 913 1550 990 subjectum;
1579 921 1644 966 ut
1668 908 1729 964 in
1756 906 1867 964 illis
1900 907 2141 966 Cui-cul.
2172 909 2311 964 Act.
2343 907 2453 965 1v.
2484 907 2663 966 Scen.
2684 905 2793 962 lv.

589 995 714 1050 Quoi
735 993 904 1041 homini
925 993 986 1039 dii
1009 1001 1117 1040 sunt
1137 991 1328 1055 propitii,
1351 990 1392 1037 ei
1415 1003 1507 1036 non
1529 1003 1631 1035 esse
1652 988 1789 1038 iratos
1810 995 1937 1048 puto.

413 1060 654 1121 Sticho:

588 1137 634 1185 E
657 1135 786 1184 malis
805 1134 973 1191 multis,
997 1133 1164 1181 malum
1183 1133 1305 1196 quod
1326 1132 1559 1180 minimum
1582 1137 1667 1184 est,
1689 1129 1736 1176 id
1757 1127 1991 1176 minimum
2014 1137 2085 1174 est
2107 1127 2291 1174 malum.

413 1203 500 1263 Ca
541 1201 672 1260 tivis
691 1223 708 1258 z

501 1221 538 1281 p
591 1280 696 1328 Hos
718 1295 832 1341 quos
852 1279 1012 1326 videtis
1033 1287 1152 1325 stare
1173 1276 1374 1340 captivos
1393 1276 1523 1331 duos,

591 1345 658 1391 Hi
681 1352 814 1398 stant,
839 1359 930 1391 non
953 1343 1252 1390 sedent——

413 1411 563 1476 Quae
591 1413 712 1485 jam
741 1408 901 1466 docti
929 1406 1312 1482 collegerunt.
1397 1401 1573 1464 Unde
1600 1411 1658 1458 et
1684 1399 1853 1458 istam
1880 1397 2087 1458 summi
2117 1395 2305 1456 critici
2335 1414 2643 1456 censuram
2674 1415 2791 1456 me-

287 1499 306 1510 '
335 1487 486 1546 ruiti

593 1563 782 1676 {lautus
804 1563 860 1611 ad
879 1563 1106 1626 exemplar
1127 1559 1266 1608 Siculi
1287 1575 1523 1622 properare
1545 1557 1804 1620 Epicharmi

646 1629 915 1676 ‘eitun——

419 1695 766 1770 Quanquam
793 1691 930 1750 sane
959 1689 1094 1748 alibi
1124 1707 1240 1745 non
1261 1685 1563 1745 invenuste
1592 1683 1661 1742 iis
1688 1703 1832 1743 usus
1854 1694 1961 1742 est.
2042 1685 2190 1748 Quae
2218 1681 2551 1740 Menander
2580 1693 2793 1751 tamen,

339 1783 402 1832 et
429 1771 620 1848 imago
647 1773 794 1848 ejus,
837 1768 914 1828 de
941 1786 1060 1846 quo
1087 1784 1244 1824 nunc
1285 1765 1498 1842 agitur,
1529 1763 1863 1832 Terentius,
1892 1773 2167 1839 tanquam
2198 1779 2332 1819 cum
2363 1759 2627 1838 periculo
2656 1780 2797 1818 con-

328 1852 558 1925 juncta,
587 1852 734 1906 serio
761 1847 1056 1925 fugerunt.
1159 1843 1308 1902 Hoec
1351 1862 1458 1921 pro
1487 1841 1613 1900 viro
1654 1840 1910 1900 maximo
1954 1839 2247 1908 Horatio;
2286 1857 2479 1917 neque
2518 1839 2795 1898 adversos

344 1927 614 1985 Plautum
643 1925 804 1986 dicta
827 1936 983 1994 sunt,
1013 1941 1186 2014 quem
1229 1939 1510 1990 amamus,
1552 1919 1921 1998 suspicimus,
1961 1917 2275 1994 diligimus,
2319 1936 2391 1976 ac
2432 1935 2797 1976 veneramur.

341 2005 566 2064 Verum
595 2015 662 2062 ut
675 2003 964 2080 judicium
991 2021 1077 2060 sic
1103 2019 1414 2060 acuamus:
1445 1999 1615 2060 simul
1646 2009 1711 2057 ut
1738 1998 1895 2058 acuti
1922 1997 2037 2066 isti,
2067 1995 2225 2073 quod
2254 1995 2527 2054 videntur
2552 1994 2685 2060 sibi,
2716 1995 2799 2052 ita

339 2081 756 2142 facetissimum
781 2081 1126 2158 scriptorem
1155 2090 1372 2150 ament,
1401 2079 1622 2157 legant,
1664 2087 1937 2144 tractent,
1982 2086 2161 2152 atque
2200 2075 2469 2132 ediscant
2506 2073 2697 2152 (quod
2736 2083 2800 2132 et

340 2160 502 2220 recte
529 2172 588 2218 et
617 2160 820 2217 ordine
847 2160 922 2217 ab
950 2158 1020 2217 iis
1045 2158 1172 2214 fieri
1201 2157 1472 2224 fatemur,
1501 2175 1697 2235 neque
1722 2156 1875 2214 enim
1906 2153 2044 2212 satis
2070 2151 2467 2212 commendari
2486 2155 2711 2230 potest)
2734 2165 2802 2210 ut

339 2256 452 2296 nec
521 2238 652 2296 lane
681 2247 743 2294 et
765 2237 984 2314 ubique
1011 2235 1303 2292 veteribus
1329 2236 1607 2312 probasse
1634 2251 1699 2291 se
1740 2231 2145 2290 meminerint=
2194 2243 2275 2298 et,
2318 2230 2475 2309 quod
2512 2231 2611 2288 liic
2652 2249 2799 2309 prie-

341 2258 518 2391 cipug
539 2324 894 2389 spectamus,
921 2313 996 2370 de
1039 2309 1292 2369 Horatio
1331 2314 1577 2389 ejusque
1616 2309 1771 2378 crisi,
1816 2309 2005 2368 minus
2047 2309 2227 2368 libere
2268 2311 2615 2387 loquanturi
2684 2309 2803 2366 Te·

341 2389 512 2450 rentii
537 2401 734 2449 autem
765 2389 964 2449 miram
993 2407 1065 2448 ac
1091 2387 1272 2466 prope
1291 2387 1638 2447 ineffabilem
1660 2387 2077 2456 amoenitatem,
2100 2389 2463 2466 elegantiam.
2480 2385 2800 2460 judicium,-

339 2488 414 2529 ιο
437 2479 822 2534 venustatem,
850 2466 1178 2542 intelligere
1204 2466 1482 2546 paulatim
1511 2465 1758 2525 discant.
1840 2467 2025 2542 Cujus
2052 2464 2693 2541 incredibilesdepores,
2734 2474 2805 2522 ut

342 2545 638 2624 Josephus
678 2544 942 2622 Scaliger
973 2543 1208 2602 dicebat
1233 2543 1390 2615 olim,
1420 2543 1520 2600 vix
1550 2543 1903 2602 centesimus
1944 2543 2307 2602 eruditorum
2347 2543 2593 2621 quisque
2620 2541 2802 2600 videt.

346 2625 440 2683 Ne
467 2642 602 2682 cnm
629 2622 731 2680 illo
757 2621 928 2680 simul
955 2633 1016 2682 et
1046 2621 1376 2692 Afranium,
1405 2620 1713 2700 antiquum
1739 2621 2051 2692 comicum,
2082 2621 2495 2692 condemnent,
2515 2623 2685 2698 cujus
2702 2639 2803 2679 ve-

343 2700 628 2762 rissimum
657 2711 838 2779 atque
863 2699 1192 2760 absolutum
1221 2709 1388 2758 extat
1405 2699 1730 2778 judicium:

598 2779 816 2828 Terentio
838 2795 930 2828 non
954 2779 1142 2827 similem
1165 2779 1288 2826 dices
1307 2779 1578 2842 queinpiam.

421 2843 611 2902 Nobis
637 2842 852 2903 eruditi
877 2843 1204 2923 ignoscent,
1233 2843 1392 2922 quod
1424 2845 1553 2902 haec
1592 2841 1811 2903 fusius:
1850 2842 1899 2902 si
1928 2841 2193 2920 cogitent
2274 2842 2574 2914 moen-tim,
2616 2840 2804 2900 minu·

342 2921 468 2982 veri
493 2921 682 2981 critici
711 2941 840 2982 esse
864 2941 936 2980 ac
955 2921 1233 2990 censoris,
1256 2941 1372 2980 non
1394 2922 1687 2982 litei-ulam
1708 2922 1923 3001 ejicere
1942 2920 2101 2990 alibi,
2118 2934 2223 2980 aut
2240 2934 2611 2981 innocentem
2628 2920 2803 2998 syllas

341 3002 476 3062 bam
505 3001 801 3070 damnare,
831 3019 1036 3060 vocem
1063 3000 1270 3060 tollere
1297 3000 1458 3072 alibi,
1485 3013 1588 3061 aut
1615 3000 1947 3070 emendare,
1976 2999 2079 3058 sed
2110 2999 2335 3058 sincere
2362 3001 2440 3059 de
2466 2999 2803 3058 auctoribus

342 3097 412 3140 ac
438 3081 614 3140 rebus
633 3079 934 3157 judicare:
967 3079 1125 3159 quod
1145 3089 1206 3138 et
1226 3079 1430 3138 solidae
1447 3091 1507 3139 et
1522 3080 1809 3140 absolutae
1827 3076 2169 3139 eruditionis
2190 3089 2299 3138 est.
2360 3081 2516 3148 Quo,
2535 3077 2595 3134 ni
2616 3076 2801 3146 fallor,

343 3177 546 3218 omnes
569 3159 923 3236 aspiramus:
953 3176 1144 3235 neque
1173 3158 1291 3216 uua
1318 3159 1378 3215 in
1410 3176 1473 3217 re
1501 3158 1685 3236 magis
1704 3156 2021 3235 antiquitas
2040 3156 2265 3234 preivit
2280 3158 2464 3215 nobis.
2548 3157 2647 3214 De
2664 3173 2801 3214 aiic-

343 3237 568 3298 toribus
587 3249 784 3297 autem
807 3236 1065 3306 comicis,
1091 3246 1223 3294 uter
1251 3235 1456 3294 melius
1471 3236 1742 3310 judicare
1770 3235 2048 3314 potuerit,
2068 3233 2193 3293 isne
2208 3234 2309 3312 qui
2326 3245 2501 3294 aetate
2516 3233 2617 3291 illa
2636 3231 2801 3303 vixit,

343 3336 463 3394 quo
496 3315 574 3374 ad
597 3335 890 3375 summum
917 3315 1151 3374 culmen
1181 3313 1372 3390 poesis
1397 3313 1683 3390 pervenit,
1724 3311 1826 3389 qui
1852 3317 2027 3389 po'e'ta
2050 3331 2329 3382 summus,
2357 3332 2617 3371 summus
2643 3311 2801 3371 criti-

341 3411 469 3464 cus,
495 3393 856 3452 familiariter
881 3411 1014 3451 cum
1047 3392 1279 3450 Ciesare
1309 3393 1587 3468 Augusto
1612 3409 1683 3448 ac
1714 3390 2044 3450 Maecenate
2072 3390 2239 3462 vixit,
2266 3409 2589 3469 eorumque
2623 3401 2800 3468 atque

341 3471 585 3528 aliorum
627 3469 890 3547 quotidie
929 3469 1006 3526 de
1045 3467 1134 3525 liis
1179 3467 1396 3527 ‘udicis
1431 3467 1691 3537 audivit3
1730 3485 1805 3526 an
1832 3467 1931 3546 qui
1974 3467 2149 3528 hodie
2175 3471 2380 3530 harum
2408 3488 2604 3528 rerum
2628 3469 2801 3547 plane

341 3547 420 3604 im
465 3546 595 3605 eriti
615 3548 918 3622 judicant;
957 3544 1070 3624 ipsi
1094 3545 1148 3602 vi
1193 3545 1364 3604 erint.

454 3623 669 3690 DEM,
691 3623 824 3682 Lib.
847 3623 946 3682 De
967 3622 1404 3683 Constitutione
1426 3621 1793 3702 Tragoediae3
1822 3625 1921 3684 ubi
1942 3625 2019 3684 de
2038 3637 2266 3686 morato
2286 3627 2479 3704 agitur
2498 3644 2799 3684 sermone:

421 3707 462 3738 ‘⁸
491 3702 723 3761 Louna
749 3713 946 3759 autem
975 3701 1242 3762 omnibus
1266 3701 1521 3780 palmam
1550 3703 1607 3759 in
1637 3703 1749 3762 liae
1772 3715 1935 3781 parte
1958 3705 2269 3764 Terentius
2289 3703 2608 3783 praeripuit.
2684 3701 2801 3763 Cu·

332 3784 452 3860 jus,
479 3779 604 3838 sine
628 3780 852 3837 summa
876 3778 1199 3856 voluptate,
1229 3792 1517 3839 moratum
1546 3799 1659 3840 nec
1686 3781 1883 3860 legere
1910 3801 2021 3841 nec
2042 3784 2339 3843 recordari
2360 3803 2669 3862 possumus
2684 3800 2801 3842 ser-

341 3877 591 3917 monem.
649 3857 802 3916 Sane
828 3875 950 3934 prae
977 3855 1213 3934 reliquis
1243 3858 1628 3937 scriptoribus
1656 3859 1936 3921 decorum
1964 3861 2294 3921 intellexit:
2344 3880 2415 3920 ac
2455 3861 2605 3940 pene
2646 3860 2800 3920 solus

339 3954 474 4074 qum
492 3936 566 3994 ab
579 3933 902 3994 Aristotele
923 3934 1348 3995 rhetoricorum
1372 3937 1633 3998 secundo
1644 3939 1719 3998 de
1742 3941 1997 4000 moribus
2023 3939 2302 4018 praeclare
2319 3941 2629 4000 observata
2646 3951 2798 4009 sunt,

381 4013 616 4072 ivinitus
653 4013 981 4091 expressitz
1021 4032 1174 4073 verae
1214 4013 1525 4076 Musarum
1554 4017 1798 4088 deliciis,
1828 4030 1889 4077 et
1930 4037 2124 4079 scenae
2150 4020 2441 4097 voluptas.
2546 4021 2605 4077 A
2634 4021 2800 4096 cujus

339 4093 649 4182 elegantia,
683 4103 1005 4161 venustate,
1037 4091 1257 4170 lepore,
1285 4113 1520 4164 venere,
1549 4096 1666 4176 quo
1693 4096 1823 4175 quis
1850 4098 2082 4176 longius
2120 4099 2307 4168 abest,
2337 4097 2409 4156 eo
2448 4097 2641 4154 minus
2668 4115 2800 4154 cum

338 4172 670 4231 urbanitate
697 4170 1032 4229 commercii
1061 4171 1256 4231 habet.
1337 4174 1513 4239 Quod
1546 4173 1763 4252 ubique
1789 4175 1875 4233 vir
1902 4187 2192 4235 emunctae
2218 4175 2373 4234 naris
2404 4175 2689 4235 Horatius
2716 4174 2801 4232 in·

338 4250 570 4311 culcat:
601 4260 663 4307 et
725 4247 843 4306 uod
861 4249 1078 4340 optime
1101 4249 1213 4308 hac
1239 4261 1416 4310 aetate
1439 4252 1704 4330 Scaliger
1732 4265 1947 4322 noster,
1970 4265 2107 4312 ante
2133 4253 2291 4312 hunc
2323 4253 2603 4314 Erasmus
2625 4277 2642 4323 3
2667 4261 2800 4311 ante

337 4342 654 4408 utrumque
741 4345 873 4385 arro
897 4327 1226 4386 intellexit:
1309 4329 1389 4401 ui,
1431 4330 1509 4389 In
1535 4333 1885 4410 argumentis
1916 4329 2181 4392 Caecilius
2210 4331 2464 4414 palmam
2498 4333 2702 4412 poscit,
2742 4333 2801 4390 in

337 4409 554 4468 ethes-iii
589 4406 912 4476 Terentius,
938 4407 998 4465 in
1038 4409 1284 4466 temoni
1319 4429 1385 4467 us
1414 4407 1678 4468 Plautus.
1758 4411 2195 4486 Argumentum
2222 4423 2315 4470 est
2346 4411 2563 4472 fabula.
2650 4411 2800 4468 Haec

334 4485 463 4546 laus
489 4485 677 4564 prima
701 4493 811 4544 est.
915 4482 1254 4542 Secundum
1277 4498 1420 4545 sunt
1451 4505 1663 4545 mores.
1762 4487 1915 4546 Hac
1942 4489 2207 4547 secunda
2226 4501 2337 4548 est.
2434 4490 2799 4550 Postremum

337 4574 428 4621 est
451 4583 664 4622 sermo.
745 4561 898 4620 Haec
913 4573 1216 4653 postrema
1245 4577 1354 4622 est.
1434 4565 1785 4642 Quanquam
1806 4583 1915 4623 cur
1940 4585 2265 4626 sermonem
2294 4567 2597 4644 praeferret
2628 4567 2801 4626 Plau-

335 4638 524 4697 tinum
553 4641 762 4710 Varro,
789 4640 928 4700 alibi
969 4641 1138 4700 nobis
1177 4639 1402 4700 dictum
1441 4651 1571 4708 estz
1614 4639 1750 4700 cum
1792 4653 1860 4701 ut
1896 4643 2110 4703 nimius
2146 4643 2430 4703 sermonis
2468 4642 2647 4732 prisci
2694 4661 2800 4703 suo

337 4723 602 4791 tempore
625 4728 870 4791 amator,
889 4719 966 4780 ab
992 4717 1248 4798 antiquis
1265 4728 1522 4778 notetur.
1602 4719 1721 4785 Qui
1742 4739 1851 4798 pro
1868 4722 2239 4800 argumentis,
2254 4721 2480 4797 pathera
2496 4720 2789 4798 legerunt,
