3067 4959
297 299 520 365 lxxxiv
1169 296 1897 365 PROLEGOMENA

291 460 522 537 judicio
547 478 800 539 semper.
879 458 1184 531 Ceterum,
1213 458 1354 519 cum
1393 460 1707 550 plerosque
1744 458 1873 519 foro
1898 458 2287 538 suspicemur,
2316 458 2417 539 qui
2446 460 2610 541 quod
2638 480 2769 523 car-

299 539 471 599 minis
499 540 782 599 rationem
807 538 1098 617 ignorent,
1123 540 1221 597 vix
1250 538 1385 617 apte
1412 538 1553 597 satis
1576 538 1667 597 his
1694 538 1770 596 de
1798 538 1971 598 rebus
1992 536 2263 617 judicare
2284 551 2539 629 queant3
2578 542 2769 601 visum

299 629 391 677 est
417 620 708 695 subjicere
729 616 1004 675 nonnulla
1031 618 1148 687 hic,
1175 636 1308 696 quoe
1334 617 1492 677 velut
1508 621 1749 693 januam
1773 615 2151 696 patefaciant,
2172 626 2237 676 et
2254 636 2426 686 vtam,
2446 630 2515 677 ut
2528 618 2769 693 dicitnr,

303 697 690 773 praemuniant
717 696 792 752 im
839 695 1190 767 eritioribus,
1220 695 1338 775 quo
1363 695 1587 755 certiils
1615 696 1693 753 de
1718 694 2123 773 recognitione
2150 697 2351 754 nostra
2366 696 2657 771 judicium
2682 698 2771 758 fa-

301 794 459 845 cere,
488 786 550 833 et
574 783 920 831 sententiam
949 773 1102 833 ferre
1126 775 1368 853 possint.
1419 775 1446 832 Ι
1495 774 1611 833 itur
1636 774 1848 833 comici
1878 773 2121 832 Plautus
2148 785 2209 832 et
2236 774 2552 835 Terentius
2574 789 2767 837 metro

299 853 423 912 fere
453 863 696 911 utuntur
721 852 810 909 vel
839 852 1108 922 iambico,
1139 853 1228 913 vel
1249 852 1571 923 trochaico,
1598 852 1690 910 vel
1720 865 1973 929 utroque
1998 851 2170 911 simul
2198 852 2471 911 confuso.
2544 855 2767 915 lambi-

303 952 460 999 cum,
491 929 580 988 vel
609 942 1036 990 monometrum
1067 943 1176 1001 est,
1205 932 1366 1011 quod
1392 932 1625 990 duobus
1664 930 1915 1008 pedibus
1952 930 2315 1009 simplicibus
2362 942 2627 993 constat:
2672 936 2767 994 vel

301 1009 635 1077 dimetrum,
665 1008 824 1086 quod
865 1021 1154 1086 quatuor;
1191 1011 1282 1069 vel
1311 1010 1660 1077 trimetrum,
1680 1009 1839 1088 quod
1866 1028 1994 1077 sex,
2066 1008 2122 1066 ui
2152 1020 2213 1067 et
2232 1008 2445 1068 senarii
2484 1009 2767 1072 dicuntur

301 1086 394 1145 M.
425 1085 620 1145 Tullio
648 1098 708 1145 et
738 1086 876 1146 Fab.
902 1088 1299 1157 Quintilian03
1339 1090 1429 1148 vel
1449 1100 1873 1158 tetrametrum,
1902 1106 1983 1177 qu
2090 1097 2249 1156 octo,
2278 1085 2465 1167 quiet
2492 1090 2767 1168 quadrati

299 1164 672 1243 appellantur
699 1176 762 1223 et
787 1166 1096 1224 octonarii.
1177 1166 1274 1225 Ex
1301 1167 1464 1227 hisce
1491 1166 1757 1227 trimetro
1782 1165 2016 1235 comici,
2046 1176 2109 1225 et
2134 1174 2479 1225 tetrametro
2506 1169 2765 1229 maxime

297 1254 577 1303 utuntur:
607 1244 734 1303 aliis
757 1243 908 1313 raro,
931 1256 994 1303 et
1019 1243 1078 1303 in
1105 1244 1300 1304 medio
1323 1244 1442 1305 fere
1457 1246 1638 1322 (sicut
1666 1244 1999 1304 Priscianus
2018 1243 2345 1316 annotavit)
2366 1244 2762 1307 distinctionis

297 1324 496 1381 causa.
549 1322 726 1389 Quod
749 1323 826 1381 ad
853 1322 1037 1401 pedes
1060 1323 1294 1395 attinet,
1318 1323 1575 1394 iambici,
1602 1325 1817 1401 magna
1832 1323 2106 1382 libertate
2126 1322 2339 1381 comici
2360 1322 2763 1385 indifferenter

297 1400 486 1459 ubivis
511 1412 741 1479 ponunt
766 1400 1102 1473 iambicum,
1129 1402 1492 1480 tribrachyn,
1521 1413 1902 1493 anapestum,
1930 1401 2255 1479 dactylum,
2278 1402 2643 1480 spondaeum.
2692 1405 2763 1463 In

293 1478 412 1537 fine
451 1480 801 1559 plerumque
841 1490 943 1539 aut
985 1481 1262 1551 iambum,
1304 1491 1408 1539 aut
1449 1480 1871 1559 pyrrhichium,
1912 1498 2213 1559 nunquam
2251 1480 2362 1539 nisi
2388 1480 2449 1542 in
2476 1496 2760 1544 scazonte

295 1558 659 1636 spondaeum.
746 1558 944 1616 Utitur
971 1558 1284 1618 Terentius
1311 1578 1466 1637 saepe
1506 1558 1565 1616 in
1606 1558 1879 1629 iambico,
1922 1558 2075 1637 pede
2112 1570 2367 1637 quatuor
2404 1560 2763 1637 syllabarum

296 1638 560 1696 brevium
601 1636 1148 1715 proceleusmatico,
1191 1637 1369 1718 idque
1409 1657 1516 1717 per
1556 1636 1970 1696 resolutionem
1998 1638 2281 1715 spondei,
2310 1638 2461 1697 utin
2492 1640 2723 1701 Andria
2742 1662 2761 1699 a

299 1715 474 1777 Malo
499 1736 674 1787 mens,
699 1715 882 1775 malus
907 1718 1172 1781 animun
1215 1737 1374 1795 quent
1401 1717 1624 1796 quidem
1652 1736 1759 1795 ego
1782 1716 1835 1775 ri
1858 1734 2099 1775 sensero.
2181 1716 2307 1775 Hic
2332 1718 2595 1775 secundo
2623 1718 2759 1779 loco

295 1806 388 1855 est
429 1792 1023 1872 proceleusmaticus:
1065 1794 1124 1853 in
1165 1794 1412 1863 eadem3
1458 1796 1593 1855 Tibi
1623 1814 1897 1872 generum
1916 1794 2181 1871 firmum,
2230 1804 2287 1853 et
2306 1794 2467 1873 filie
2504 1795 2765 1857 §amieo

296 1876 482 1934 virum
501 1895 522 1929 .-
567 1874 666 1933 hic
693 1873 882 1951 prima
908 1874 1150 1951 regione
1176 1872 1330 1932 idem
1357 1893 1478 1953 pes.
1564 1874 1673 1933 Est
1700 1884 1899 1931 autem
1926 1872 2149 1949 duplex
2176 1873 2411 1933 iambici
2438 1892 2639 1951 genus,
2668 1876 2757 1933 al-

294 1964 486 2012 terum
515 1964 744 2011 rectum
771 1951 1174 2031 perfectumve
1199 1964 1476 2011 vocatur:
1519 1952 1769 2012 alterum
1812 1948 2017 2017 σκάζον
2062 1950 2157 2009 καὶ
2184 1951 2547 2041 χορισίμξονς
2582 1954 2763 2013 cu'us

296 2032 678 2111 penultimam
703 2031 766 2089 in
792 2030 910 2091 fine
937 2032 1170 2110 longam
1197 2050 1326 2090 esse
1351 2042 1605 2111 oportet.
1674 2028 2000 2109 Utriusque
2026 2030 2290 2089 meminit
2316 2030 2583 2103 Ovidius,
2613 2052 2650 2091 c
2698 2052 2757 2091 m

297 2111 492 2171 canit:

808 2188 948 2237 Liber
965 2190 1012 2236 ln
1034 2190 1246 2237 adversos
1267 2192 1420 2237 hostes
1437 2194 1688 2253 stringatur
1708 2190 1896 2245 iambus,

809 2253 904 2301 Seu
921 2255 1042 2301 celer
1061 2264 1327 2311 extremum,
1351 2270 1432 2303 seu
1451 2256 1598 2303 trabat
1616 2254 1695 2302 ille
1712 2255 1889 2317 pedem.

372 2332 578 2396 Utitur
603 2332 922 2392 identidem
951 2340 1125 2412 poe‘ta
1153 2333 1401 2393 iambico
1429 2346 1772 2395 tetrametro
1799 2334 2177 2405 catalectico,
2196 2332 2259 2392 id
2278 2344 2387 2404 est,
2406 2332 2505 2391 cui
2524 2334 2765 2411 syllaba

295 2412 354 2471 in
381 2413 499 2471 fine
526 2412 712 2479 desit3
753 2431 870 2489 quo
897 2411 958 2469 in
987 2412 1336 2473 catalectico
1357 2413 1468 2473 sibi
1493 2414 1647 2473 inter
1674 2413 1787 2472 alia
1812 2414 1928 2473 hoc
1958 2432 2192 2505 quoque
2218 2411 2523 2492 permittit,
2552 2424 2621 2472 nt
2646 2434 2761 2493 pro

245 2544 265 2562 -.
293 2490 618 2569 penultima
641 2490 835 2567 longa,
863 2489 1020 2549 haud
1043 2490 1174 2548 raro
1193 2490 1338 2550 duas
1365 2494 1573 2550 breves
1592 2503 1797 2569 ponat,
1820 2493 1979 2571 quod
1999 2491 2173 2551 facile
2198 2492 2299 2571 qui
2317 2511 2517 2551 versus
2538 2492 2593 2549 in
2614 2512 2755 2551 suos

275 2570 284 2582 ‘
335 2570 476 2627 edes
503 2568 772 2645 digerere
799 2567 977 2637 volet,
1005 2568 1092 2627 sic
1117 2567 1336 2628 babere
1365 2571 1705 2649 comperiet.
1760 2571 1831 2629 In
1862 2570 2176 2630 trochaicis
2204 2571 2415 2631 comici
2441 2570 2757 2630 indiscrete

289 2647 586 2707 interdum
615 2646 884 2725 dactylos
913 2646 1002 2706 vel
1031 2648 1320 2707 trochaeos
1361 2661 1608 2728 ponunt,
1634 2648 1905 2709 nimirum
1935 2649 2052 2731 quo
2082 2649 2231 2727 pene
2258 2648 2541 2709 dissoluta
2566 2662 2627 2708 ct
2652 2668 2761 2727 pe—

291 2727 474 2786 destri
501 2725 793 2786 simillima
831 2744 960 2787 esse
987 2726 1254 2786 videatur
1295 2746 1672 2807 personarum
1698 2727 2149 2797 sermocinatio;
2190 2732 2359 2806 cujus
2387 2730 2511 2807 ipse
2541 2727 2755 2787 Prisci-

291 2824 438 2865 anus
465 2804 761 2873 meminit,
801 2805 956 2896 apud
981 2824 1160 2885 quem
1190 2806 1531 2867 Victorinus
1558 2827 1675 2866 non
1704 2808 1897 2867 minus
1923 2806 2127 2877 libere,
2152 2808 2329 2884 quam
2358 2808 2492 2867 vere
2518 2806 2619 2877 ait,
2648 2826 2755 2865 co-

289 2884 493 2954 micos,
523 2884 660 2942 dum
691 2884 1093 2962 quotidianum
1131 2904 1462 2946 sermonem
1501 2886 1714 2947 imitari
1756 2888 2043 2955 nituntur,
2082 2898 2271 2945 metra
2298 2886 2503 2946 vitiare
2528 2884 2755 2957 studio,

289 2984 410 3023 non
437 2962 765 3043 imperiti&
850 2964 966 3021 uod
993 2975 1055 3023 et
1083 2966 1472 3028 Terentianus
1499 2978 1750 3027 testatur
1776 2967 1937 3027 hisce
1965 2964 2258 3024 versibus:

805 3044 1775 3174 1„,²,?;32²,⁶.⁶.2:„{“3².53‘3222²310523?¹”·
2594 3168 2609 3183 ⁸

368 3174 562 3234 Tanta
589 3184 784 3239 autem
811 3172 1054 3233 affinitas
1081 3187 1172 3233 est
1196 3173 1350 3234 inter
1370 3176 1709 3239 ,trochaicos
1736 3184 1799 3231 et
1822 3172 2105 3231 iambicos
2135 3183 2527 3241 tetrametros,
2554 3190 2657 3231 vix
2682 3182 2753 3231 ut

287 3254 622 3315 discernere
647 3250 942 3315 interdum
969 3254 1194 3329 possis;
1233 3252 1390 3313 unde
1411 3252 1685 3316 nimirum
1716 3250 1784 3307 fit
1810 3250 1885 3307 ali
1931 3250 2138 3318 uoties,
2168 3261 2234 3308 ut
2262 3269 2410 3328 quos
2450 3248 2603 3309 forte
2642 3248 2749 3309 ali-

285 3333 417 3410 quis
441 3331 720 3391 iambicos
743 3348 870 3388 esse
892 3328 1227 3398 crediderit,
1251 3327 1430 3389 iidem
1453 3327 1745 3393 trochaici
1774 3326 1891 3383 veri
1940 3344 1969 3383 s
1998 3326 2223 3384 censeri
2244 3339 2483 3405 queant.
2566 3330 2753 3405 Cujus

283 3406 533 3469 reicum
561 3407 675 3465 alia
701 3406 885 3469 multa
921 3406 1192 3484 exempla
1231 3417 1388 3474 sunt,
1429 3416 1554 3465 tum
1597 3402 2128 3467 commodissimum
2171 3402 2347 3461 fuerit
2390 3423 2467 3462 ex
2499 3406 2749 3479 Andria,

281 3505 440 3551 scen.
473 3486 520 3541 1.
550 3487 696 3542 Act.
727 3484 926 3543 V-ubi
955 3482 1103 3547 duos
1131 3482 1346 3561 primos
1367 3501 1588 3551 versus,
1618 3480 1711 3541 vel
1740 3498 1844 3559 per
1870 3480 2095 3539 iambos
2120 3478 2352 3558 aliquis,
2380 3482 2471 3539 vel
2500 3502 2609 3559 per
2631 3498 2749 3545 tro-

281 3564 478 3630 chaeos
505 3562 699 3620 metiri
724 3560 927 3639 possit,
957 3560 1064 3619 nisi
1093 3559 1247 3638 qnod
1276 3559 1651 3637 insequentes
1675 3578 1878 3623 versus
1905 3576 2013 3638 per
2038 3558 2327 3617 trochaeos
2354 3578 2484 3618 esse
2502 3556 2755 3622 metienss'

281 3640 388 3709 dos
416 3640 698 3699 indicant.
779 3638 928 3697 Inde
956 3656 1120 3696 error
1153 3655 1353 3697 eorum
1383 3636 1484 3716 qui
1523 3636 1805 3703 iambicos
1847 3637 2164 3717 quadratos
2204 3655 2334 3697 esse
2372 3637 2747 3713 adnotarunt,

281 3721 421 3785 cnm
451 3718 637 3797 quivis
665 3738 782 3778 non
811 3714 1150 3775 rudissimus
1218 3716 1348 3773 lane
1376 3716 1582 3775 harum
1600 3735 1826 3789 rerum,
1849 3716 2183 3783 trochaicos
2204 3736 2333 3777 esse
2352 3718 2567 3777 videat.
2624 3720 2748 3779 Hic

275 3798 420 3865 illud
449 3796 658 3865 obiter,
689 3795 949 3876 quamvis
975 3795 1104 3853 leve
1131 3813 1166 3854 a
1210 3794 1563 3853 monendum
1592 3805 1776 3874 put03
1816 3796 1962 3864 mire
1988 3795 2284 3859 interdum
2322 3804 2515 3877 poeta,
2544 3797 2620 3857 de
2659 3799 2749 3857 in-

278 3875 506 3941 dustria
531 3875 880 3934 sententiam
908 3892 1126 3952 genere
1153 3872 1280 3951 ipso
1311 3874 1480 3931 metri
1500 3876 1710 3952 juvare
1735 3874 2003 3935 videtur:
2046 3875 2211 3942 velut
2240 3876 2319 3935 ibi
2342 3898 2361 3937 ε

535 3954 621 4001 Dii
641 3954 760 4011 boni,
781 3954 887 4003 boni
908 3952 1014 4016 quid
1035 3952 1201 4015 porto?
1235 3953 1313 4000 sed
1333 3953 1407 4000 ubi
1429 3954 1655 4001 inveniam
1681 3952 1980 4019 Pamphilum.

535 4016 607 4067 Ut
629 4027 812 4073 metum,
837 4019 883 4065 in
905 4034 995 4081 quo
1018 4032 1139 4065 nunc
1161 4025 1242 4073 est,
1266 4018 1473 4073 adimam.
1495 4026 1632 4081 atque
1652 4020 1857 4082 expleam
1880 4021 2077 4077 animum
2100 4019 2268 4084 gaudio
2282 4020 2306 4066 ἰ’
2336 4020 2421 4085 ‹stc-

353 4082 478 4145 Ubi
501 4082 785 4143 trochaici
809 4082 1078 4141 carminis
1107 4101 1282 4142 cursu
1305 4094 1366 4141 et
1387 4082 1753 4143 volubilitate
1768 4085 2205 4145 festinationem
2226 4094 2608 4163 repraesentat
2622 4100 2744 4142 ser-

272 4164 392 4223 vuli
420 4160 738 4223 insolenter
765 4160 1102 4231 exultantis,
1134 4173 1196 4220 et
1221 4161 1524 4221 alacritate
1568 4162 1745 4221 nimia
1782 4164 2106 4241 gestientis.
2194 4162 2493 4227 Quocirca
2531 4161 2743 4240 passim

267 4242 582 4313 trochaeos,
627 4240 973 4309 tribrachos,
1017 4252 1341 4319 anapaestos
1373 4241 1707 4311 admiscuit,
1749 4241 1931 4319 pedes
1957 4240 2205 4309 scilicet,
2234 4243 2447 4320 quibus
2475 4238 2742 4298 celeritas

268 4324 618 4404 plerumque
635 4321 668 4377 εὶ
682 4318 908 4379 caeteris
931 4318 1066 4376 item
1092 4319 1280 4397 poe‘tis
1302 4319 1553 4395 exprimi
1575 4320 1743 4378 solet.
1788 4318 2066 4377 Similiter
2083 4319 2145 4385 in
2166 4320 2461 4379 Eunucho
2482 4317 2738 4376 subitum

269 4420 568 4479 egressum
591 4400 802 4477 puellae
823 4399 1202 4476 perturbatae,
1226 4396 1528 4456 celeritate
1539 4396 1673 4475 ipsa
1691 4397 1907 4474 pedum
1931 4397 2243 4473 expressit.
2290 4398 2411 4460 Ubi
2434 4396 2703 4455 Phaedria
2718 4416 2735 4451 :

297 4475 305 4487 '
527 4479 742 4541 Sedquid
764 4480 851 4525 hoc
871 4485 956 4532 est,
977 4476 1141 4539 inquit,
1165 4474 1296 4538 qudd-
1307 4476 1462 4531 timida
1483 4474 1631 4524 subitd
1654 4475 1883 4537 egreditur
1902 4474 2130 4537 Pythias?

347 4542 488 4599 Hoc
517 4544 716 4610 dedita
743 4544 922 4622 opera
947 4544 1184 4620 po'e'tam
1212 4541 1294 4599 ita
1333 4540 1564 4611 fecisse,
1590 4538 1683 4597 vel
1720 4538 1865 4597 illud
1906 4538 2125 4599 indicio
2162 4537 2362 4606 fuerit,
2404 4536 2571 4616 qudd
2596 4538 2737 4597 cum

267 4620 465 4675 caeteri
493 4619 663 4695 hujus
689 4642 882 4681 scenae
903 4638 1103 4679 versus
1131 4617 1364 4677 iambici
1391 4618 1526 4686 sint,
1560 4636 1709 4676 unus
1734 4617 1834 4676 hic
1853 4618 2117 4677 trimeter
2140 4616 2475 4676 trochaicus
2496 4634 2627 4675 esse
2648 4616 2735 4673 vi-

263 4693 492 4751 deatur.
573 4696 654 4753 Et
689 4700 902 4778 alioqui
931 4699 1082 4758 solet
1107 4696 1398 4757 interdum
1424 4699 1607 4775 poeta
1632 4707 1859 4755 mutare
1886 4696 2059 4755 metri
2125 4714 2291 4767 enus,
2320 4692 2459 4752 cum
2486 4704 2733 4753 ventum

259 4782 348 4832 est
380 4770 450 4829 ad
480 4778 829 4851 παρασκευὴν
855 4798 1047 4837 scenae
1073 4774 1409 4855 sequentis:
1442 4776 1601 4835 velut
1631 4775 1688 4835 in
1722 4775 1909 4836 Andr.
1932 4776 2055 4835 Act
2166 4792 2329 4835 scen.
2358 4770 2475 4831 111.
2502 4782 2567 4831 et
2594 4788 2725 4829 rur-
