3067 4959
1193 333 1837 401 TERENTIANA.
2625 339 2777 404 cxiii

279 496 444 556 ribus
473 497 696 556 Roma:
711 513 890 554 nemo
915 493 1028 554 suit
1053 494 1441 574 eloquentior,
1459 495 1739 574 scriptam
1760 494 2191 556 existimarint:
2232 507 2297 556 et
2312 499 2492 574 poe'ta
2509 496 2636 576 ipse
2656 509 2775 560 tes-

281 587 446 634 tatur
471 575 534 632 in
556 575 673 632 hac
691 592 900 650 puram
922 591 1048 632 esse
1067 573 1412 644 orationem,
1435 576 1555 653 qua
1573 573 1749 634 laude
1770 575 1930 634 nulla
1944 585 2143 653 potest
2161 574 2407 652 amplior
2423 576 2768 654 excogitari.

287 653 454 720 Quid
483 663 576 712 est
605 653 762 712 enim
791 651 1208 722 admirabilius,
1233 650 1408 730 quam
1446 672 1641 712 sermo
1678 653 1917 731 elegans
1937 666 1997 712 et
2018 663 2299 712 venustus
2318 653 2356 722 R
2395 653 2605 732 Neque
2626 675 2775 733 pra:-

291 731 600 810 dicaturus
629 731 745 789 hoc
774 729 964 808 palam
991 731 1188 790 fuerat
1213 729 1498 802 comicus,
1521 731 1630 790 nisi
1658 749 1886 800 novam,
1918 730 2225 810 insignem,
2254 744 2315 789 et
2342 733 2493 808 pene
2522 733 2773 792 divinam

291 810 578 868 sermonis
607 808 960 886 elegantiam
987 828 1116 868 esse
1125 807 1470 884 judicasset.
1528 808 1819 886 Depingit
1846 821 2041 868 autem
2068 822 2377 888 parentum
2404 809 2562 870 vitia.
2622 811 2773 870 Nam

295 887 697 946 Menedemus
725 887 1044 946 liberaliter
1069 899 1364 948 amantem.
1383 884 1631 946 Cliniam
1651 889 1819 963 justo
1846 886 2253 948 inclementius
2280 899 2517 956 tractat,
2546 887 2775 948 adoles-

297 979 534 1024 centem
563 965 894 1023 modestum
924 978 987 1023 et
1011 963 1187 1042 frugi.
1257 966 1448 1029 Quem
1478 975 1792 1042 postquam
1821 965 1997 1024 domo
2022 965 2217 1041 ejecit,
2240 964 2457 1024 victum
2479 967 2689 1044 jurgiis
2714 978 2775 1025 et

299 1044 692 1112 contumeliis,
739 1043 927 1102 multo
971 1041 1346 1120 impotentius
1394 1041 1725 1102 desiderat:
1790 1043 1939 1102 adeo
1990 1043 2363 1105 multifariam
2401 1043 2501 1102 hic
2540 1057 2771 1122 peccat.

303 1121 470 1180 Huic
495 1121 618 1180 seni
662 1142 738 1198 op
783 1120 910 1180 onit
953 1122 1326 1180 Chremetem
1373 1120 1757 1178 monitorem:
1800 1121 1905 1180 sed
1934 1142 2109 1200 quem
2136 1134 2341 1199 postea
2372 1120 2567 1180 videas
2590 1123 2773 1180 multo

300 1199 472 1278 plura
515 1201 690 1278 quam
743 1142 1164 1258 henedemum
1212 1217 1480 1276 peccare.
1562 1197 1823 1258 Primum
1866 1199 1915 1258 is
1962 1219 2259 1278 nunquam
2308 1197 2509 1258 olfecit
2546 1199 2773 1278 perdite

298 1298 497 1338 amare
524 1279 726 1346 filium,
757 1290 817 1336 et
847 1277 1152 1356 compilari
1177 1297 1240 1336 se
1267 1277 1302 1334 a
1326 1288 1526 1338 scorto
1552 1289 1915 1355 sumptuoso.
1996 1280 2136 1337 Post
2160 1279 2258 1336 ubi
2275 1277 2559 1349 resciscit,
2584 1279 2771 1338 multo

297 1355 420 1415 fert
459 1355 838 1434 impotentius
864 1356 924 1415 id
953 1353 1112 1425 mali,
1153 1355 1326 1434 quam
1367 1355 1468 1413 illa
1505 1355 1733 1414 solebat
1772 1355 2195 1418 Menedemus:
2239 1367 2306 1416 ut
2332 1375 2617 1436 agnoscas
2651 1358 2772 1416 fere

299 1434 386 1493 ita
413 1435 706 1506 accidere,
733 1447 799 1493 ut
824 1435 988 1504 foris,
1017 1454 1138 1492 non
1165 1433 1323 1492 domi
1349 1433 1661 1511 sapiamus.

1379 1527 1693 1570 armans.

383 1591 568 1650 Porro
595 1589 730 1670 quia
753 1590 1020 1669 fingebat
1055 1597 1234 1668 poeta
1259 1589 1419 1648 velut
1445 1590 1631 1650 oculis
1659 1602 1896 1669 captum
1940 1591 2335 1660 Chremetem,
2378 1591 2479 1670 qui
2524 1591 2773 1671 insignia

301 1667 406 1728 filii
434 1668 572 1728 vitia
599 1688 718 1728 non
757 1681 982 1739 cernat,
1019 1668 1266 1730 adducit
1301 1668 1456 1746 patri
1484 1669 1561 1726 ob
1588 1669 1793 1728 oculos
1828 1668 1933 1728 filii
1958 1670 2245 1728 amicam:
2286 1668 2467 1748 idque
2492 1670 2593 1729 hic
2620 1671 2773 1748 peri-

303 1747 424 1806 culi
471 1761 562 1808 est
600 1767 677 1808 ne
718 1748 1002 1808 resciscat
1030 1748 1332 1816 Chremes,
1363 1745 1721 1806 Bacchidem
1748 1747 1853 1804 filii
1879 1747 2127 1807 amicam
2165 1767 2311 1808 esse.
2396 1749 2539 1807 Huc
2578 1750 2774 1810 omnia

302 1825 568 1894 consilia,
598 1845 800 1884 omnes
845 1826 1010 1884 dolos
1055 1824 1271 1884 servuli
1315 1824 1655 1884 referemus.
1734 1826 1815 1884 Et
1840 1826 1877 1882 a
1906 1826 2219 1884 Chremeta
2258 1823 2419 1904 prius
2464 1843 2529 1884 ar
2570 1839 2771 1885 entum

301 1904 642 1980 emungitur
673 1902 954 1962 Bacchidi
993 1903 1436 1972 numerandum,
1487 1903 1663 1982 quam
1703 1903 1990 1982 comperit
2029 1903 2129 1961 filii
2170 1922 2293 1962 rem
2334 1901 2450 1980 agi.
2580 1903 2773 1962 allitur

303 1993 530 2050 autem,
556 1979 692 2040 cum
729 1979 969 2058 fingitur
997 1981 1246 2041 Bac‘chis
1273 2001 1402 2040 esse
1431 1981 1659 2042 Cliniae.
1738 1983 1817 2042 In
1838 1981 2025 2060 prima
2048 1980 2263 2040 fabula:
2290 1993 2479 2058 parte,
2509 1982 2611 2040 ubi
2636 1981 2775 2040 Me·

201 2119 208 2124 ,
303 2059 625 2118 nedemum
654 2058 960 2118 coufirmat
985 2059 1282 2130 Chremes,
1329 2059 1518 2118 oratio
1566 2069 1656 2118 est
1701 2058 2083 2128 deliberativi,
2117 2079 2225 2120 seu
2250 2058 2493 2118 suasorii
2519 2059 2771 2136 generis,

307 2137 430 2214 qua
455 2135 554 2195 hic
584 2135 938 2207 consolatur,
969 2136 1158 2214 erigit,
1185 2150 1384 2201 monet
1411 2137 1588 2197 animi
1614 2157 1837 2216 aegrum
1856 2135 2132 2196 vicinum.
2211 2137 2281 2196 In
2310 2135 2535 2228 reliquii
2559 2136 2773 2196 fabula:

305 2225 500 2294 parte,
521 2233 655 2293 quae
681 2213 1002 2293 periculum
1021 2216 1300 2284 continet,
1321 2236 1416 2278 res
1432 2216 1621 2278 omnis
1644 2215 2019 2276 translatione
2046 2215 2341 2276 rhetorica
2360 2226 2555 2307 agitur
2577 2237 2596 2273 :
2637 2216 2776 2294 quia

305 2312 444 2372 qum
468 2293 544 2352 ad
575 2293 902 2355 Chremetis
927 2292 1110 2352 fllium
1135 2295 1450 2372 pertinent,
1479 2295 1677 2356 omnia
1694 2295 2057 2373 imputantur
2079 2295 2417 2354 Menedemi
2432 2304 2635 2373 gnato.
2700 2295 2772 2354 In

299 2371 506 2451 primis
531 2371 882 2432 admirabilis
909 2384 998 2430 est
1021 2370 1446 2447 hic,servulus,
1489 2377 1659 2452 cujus
1700 2372 2083 2434 callidissimis
2130 2372 2386 2434 consiliis
2432 2373 2773 2452 neutiquam

301 2451 660 2529 respondent
687 2463 952 2510 eventus.
1032 2451 1166 2512 Nec
1190 2451 1509 2530 vulgariter
1558 2454 1633 2512 de
1667 2471 1777 2512 suo
1811 2451 2053 2526 consilio
2088 2451 2197 2512 sibi
2224 2452 2351 2530 ipse
2376 2451 2593 2530 placet,
2636 2453 2773 2514 cum

302 2529 418 2588 ait:
451 2532 574 2589 Hic
598 2550 680 2590 me
704 2531 1000 2609 ”mg-effic?
1026 2531 1218 2609 ffro,
1241 2535 1351 2588 ‹Ste-
1432 2529 1543 2590 Est
1562 2550 1633 2590 ea
1662 2531 1907 2590 mirifica
1920 2531 2155 2589 omnino
2173 2531 2369 2609 imago
2384 2531 2771 2594 humanorum

301 2619 363 2665 et
383 2609 753 2667 consiliorum
784 2621 846 2667 et
873 2620 1210 2667 eventuum.
1256 2607 1491 2668 Fallunt
1511 2609 1665 2668 enim
1685 2610 1813 2669 fere
1832 2609 2183 2670 astutissima
2201 2609 2441 2668 consilia
2460 2612 2769 2670 mortales:

301 2685 450 2745 sicut
478 2687 826 2747 Ciceronem
857 2686 1064 2745 fefellit
1091 2697 1339 2746 eventus
1365 2687 1504 2748 belli
1530 2687 1808 2750 adversas
1840 2689 2162 2749 Antonium
2182 2688 2461 2767 suscepti.
2542 2689 2773 2750 Extant

304 2765 572 2844 exempla
597 2765 658 2824 in
683 2764 942 2834 historiis
970 2764 1432 2824 innumerabilia.

1229 2842 1320 2901 IN
1369 2843 1853 2906 ADELPHOS.

435 2943 448 2955 ‘
1379 2940 1723 2982 rao-rasis.

381 2997 786 3060 Eatrusna‘r
817 2998 1134 3058 AEschinus
1159 2997 1357 3058 lenoni
1383 3001 1805 3072 mulierculam,
1833 2999 1997 3059 fratri
2037 2999 2418 3078 gratificatus,
2469 2999 2568 3076 qui
2612 2999 2769 3058 illam

305 3076 560 3134 amabat.
638 3077 712 3134 Id
733 3090 1039 3155 postquam
1069 3077 1302 3136 rescivit
1322 3067 1575 3148 Demea,
1604 3098 1813 3158 aspero
1834 3088 1894 3136 et
1921 3077 2291 3136 incommodo
2317 3078 2553 3154 ingenio
2580 3089 2769 3153 pater,

307 3153 386 3210 de
415 3169 487 3210 eo
513 3165 764 3228 peccato
787 3173 920 3212 cum
939 3153 1210 3222 Mitione,
1232 3156 1324 3214 cui
1348 3157 1696 3217 AEschinum
1715 3155 1957 3216 dederat
1977 3155 2393 3233 adoptandum,
2413 3173 2487 3213 ex
2535 3153 2771 3224 ostulat,

307 3229 694 3308 queriturque
723 3234 850 3308 ejus
875 3230 1237 3309 indulgentia
1261 3235 1575 3314 corrumpi.
1657 3233 2071 3294 Periclitantur
2110 3232 2309 3311 itaque
2352 3174 2671 3291 AEsciiinus
2711 3243 2773 3290 et

304 3307 542 3378 servuli,
571 3309 870 3388 quomodo
901 3309 1100 3369 lenoni
1129 3311 1386 3382 satisfiat,
1418 3313 1713 3392 quomodo
1753 3314 1998 3383 celetur,
2037 3313 2270 3371 Demea
2296 3331 2369 3370 ne
2398 3309 2772 3388 Ctesiphonis

303 3399 618 3466 peccatum
650 3388 947 3450 resciscat.
1031 3389 1242 3468 Neque
1271 3393 1426 3451 enim
1453 3404 1573 3451 tam
1596 3393 1719 3472 ipse
1745 3390 1875 3462 sibi,
1904 3390 2076 3470 quam
2105 3389 2286 3448 frater
2315 3409 2473 3448 curae
2492 3399 2599 3447 est.

380 3465 678 3526 Praeterea
716 3469 952 3528 amabat
975 3467 1290 3547 ingenuam
1319 3471 1613 3549 quandam
1643 3469 1979 3541 AEschinus,
2009 3468 2103 3527 cui
2126 3467 2303 3528 fidem
2330 3468 2593 3539 dederat,
2623 3487 2771 3526 uxo·

300 3563 420 3602 rem
448 3565 512 3604 se
541 3547 862 3606 ducturum
919 3567 1067 3619 esse,
1115 3568 1248 3626 quae
1297 3560 1609 3628 postquam
1652 3560 1879 3628 raptam
1908 3547 2132 3607 audivit
2158 3547 2475 3626 psaltriam,
2515 3548 2773 3628 graviter

297 3625 642 3700 perturbata
667 3637 777 3697 est,
815 3638 1085 3686 metuens
1130 3646 1207 3685 ne
1255 3627 1644 3686 desereretur.
1724 3627 1931 3688 Habet
1968 3627 2097 3686 haec
2133 3646 2267 3705 pars
2316 3627 2463 3686 mira
2510 3626 2771 3698 consilia,

299 3701 473 3760 miras
499 3704 743 3763 technas
769 3705 944 3774 servi,
974 3705 1188 3784 quibus
1213 3705 1436 3764 fallitur
1460 3705 1709 3764 Demea.

1376 3801 1705 3844 nna-asle.

297 3923 310 3934 ⁶
385 3857 668 3918 Resciscit
695 3859 928 3920 Demea
952 3859 1159 3920 vitium
1187 3859 1449 3919 oblatum
1469 3881 1597 3921 esse
1622 3861 1893 3942 ingenuae
1919 3863 1992 3920 ab
2022 3861 2328 3933 AEschino,
2355 3863 2427 3922 ea
2444 3862 2585 3922 vero
2614 3863 2689 3923 de
2706 3882 2773 3922 re

302 3933 507 3992 miram
534 3937 875 4014 tragoediam
897 3938 1146 3999 excitat.
1188 3937 1386 4016 Magis
1407 3953 1829 4012 commovetur,
1848 3950 2156 4019 postquam
2174 3939 2562 4020 deprehendit
2584 3941 2773 4002 Ctesi-

301 4011 486 4102 phoni
513 4030 644 4070 cum
671 4017 910 4104 psaltria
935 4037 1060 4076 rem
1087 4035 1234 4076 esse.
1317 4017 1538 4076 Misere
1565 4018 1743 4078 etiam
1778 4019 2014 4096 angitur
2041 4018 2381 4092 AEschinus,
2408 4019 2547 4080 cum
2575 4021 2635 4078 in
2661 4020 2777 4079 dis-

304 4109 532 4150 crimen
558 4103 734 4164 vemt,
761 4114 836 4156 ne
863 4114 1054 4155 uxore
1082 4094 1343 4154 excidat.

888 4224 896 4234 .
1281 4191 1789 4233 caraea-norun.

383 4245 504 4304 11ae
531 4246 718 4304 turbae
745 4268 944 4310 omnes
962 4249 1280 4330 prudentia
1300 4263 1361 4310 et
1388 4251 1838 4312 mansuetudine
1866 4251 2136 4312 Mitionis
2162 4253 2463 4313 sedantur.
2550 4255 2777 4314 Primas

299 4324 504 4402 itaque
529 4325 590 4382 in
619 4324 732 4386 hac
747 4325 947 4386 fabula
967 4349 1142 4390 senes
1163 4330 1404 4390 habent.
1446 4329 1765 4391 Confertur
1792 4331 1947 4388 enim
1969 4350 2105 4390 cum
2131 4351 2342 4412 aspero
2358 4343 2421 4392 et
2438 4329 2775 4391 inclementi

295 4415 490 4482 patre,
521 4403 780 4465 urbanus
807 4417 871 4464 et
896 4408 1074 4468 comis
1103 4421 1288 4486 pater.
1352 4409 1434 4468 Et
1460 4408 1578 4466 huc
1596 4407 1791 4470 omnia
1815 4420 2106 4488 spectant,
2129 4425 2195 4470 ut
2214 4421 2495 4490 appareat
2509 4409 2567 4464 in
2586 4425 2649 4462 re
2671 4405 2775 4462 do·

295 4481 566 4552 westie&
595 4483 860 4562 publica,
888 4486 1252 4550 commerciis
1273 4486 1597 4559 hominum,
1615 4486 1834 4567 ubique
1851 4487 2071 4547 nullam
2099 4509 2227 4548 esse
2244 4505 2437 4564 neque
2466 4483 2774 4553 utiliorem,

297 4579 490 4640 neque
519 4561 843 4640 gratiorem
873 4563 1148 4624 virtutem
1183 4566 1482 4630 comitate.
1567 4567 1815 4626 Constat
1854 4581 2051 4626 autem
2080 4566 2207 4624 haec
2236 4561 2543 4630 comoedia,
2568 4561 2781 4640 magna

299 4657 376 4696 ex
403 4652 596 4718 parte,
621 4641 1104 4704 accusationibus
1131 4655 1192 4702 et
1221 4642 1701 4712 excusationibus
1719 4665 1736 4700 :
1781 4645 2018 4703 crebras
2043 4643 2223 4700 habet
2242 4638 2529 4716 querelas,
2548 4651 2609 4698 et
2629 4639 2781 4716 pene

298 4717 524 4852 tmssjfa
546 4718 713 4795 πάθη.
817 4723 1022 4790 Quare
1065 4719 1348 4800 imprimis
1388 4721 1671 4782 conducit
1698 4724 1826 4800 ejus
1850 4719 2032 4779 lectio
2066 4719 2145 4777 ad
2168 4714 2645 4792 locupletandam
2691 4716 2780 4774 fa-

300 4811 418 4853 cun
461 4814 595 4856 tam.
