3067 4959
1221 285 1861 355 TERENTIANA.
2646 284 2712 349 lv

242 450 418 527 hujus
442 449 626 509 verbo
659 459 815 519 utar,
857 468 976 528 quo
1015 468 1154 511 usos
1191 450 1462 529 antiquos
1501 459 1767 509 notatum
1793 446 1967 507 video
2004 446 2065 505 ἐι.
2086 446 2411 523 Prisciano)
2454 464 2571 505 non
2598 444 2709 507 nisi

243 530 344 608 qui
374 528 432 586 in
461 548 598 587 eum
617 530 722 603 jus'
743 528 956 587 habeat
982 540 1044 589 et
1069 528 1375 609 imperium
1399 550 1416 587 2
1460 528 1614 587 unde
1634 528 1691 585 in
1713 526 2102 605 suspicionem
2123 526 2281 585 venit
2305 526 2480 594 Geta,
2500 524 2707 583 herum

243 626 394 681 esse,
423 607 458 663 a
485 626 607 683 quo
634 617 960 677 vocaretur,
985 626 1100 666 non
1129 608 1450 675 vernulam,
1473 604 1959 684 quemadmodum
1986 604 2149 663 initio
2178 606 2441 683 putabat,
2465 603 2561 662 cui
2581 621 2708 661 ver-

242 685 390 743 bera
418 685 598 743 etiam
628 685 1009 744 minitaverat.
1087 686 1162 744 Id
1218 705 1395 743 unum
1443 685 1882 763 relinquebatur
1929 681 2192 751 dubium,
2238 682 2378 761 quid
2429 681 2708 740 curialem

241 762 546 821 vernulam
577 760 818 821 dixisset
845 766 1040 840 poeta,
1082 764 1220 823 cum
1251 763 1498 822 curiales
1525 762 1583 820 hi
1612 761 1901 829 dicantur,
1929 761 2027 839 qui
2058 761 2233 819 curiae
2268 760 2385 817 sint
2423 759 2707 836 ejusdem,

243 841 592 917 curiamque
617 842 765 899 servi
792 861 907 899 non
933 842 1242 913 haberent,
1265 860 1458 920 neque
1485 840 1643 919 apud
1674 838 1989 907 Romanos,
2028 858 2218 917 neque
2258 837 2413 913 apud
2445 836 2710 897 Graecos.

245 918 340 977 Ea
367 918 444 976 de
471 938 538 976 re
564 918 696 977 duae
722 920 914 977 animo
939 920 1214 979 subibant
1240 919 1580 997 opiniones:
1622 929 1725 976 aut
1752 917 2084 995 legendum,
2114 914 2446 977 Familiae-is
2472 914 2709 973 vernula

242 1005 348 1065 est,
379 1016 514 1057 nam
554 1007 616 1055 et
654 997 907 1056 sub’ecit
916 996 1390 1075 familiariorem,
1419 1009 1482 1056 et
1509 1014 1707 1055 versus.
1747 988 2061 1074 utrumque
2092 994 2312 1073 patitur
2338 991 2713 1061 trochaicum

245 1086 351 1132 aut
378 1094 576 1133 servos
601 1018 854 1135 curiales
893 1076 1006 1133 dici
1037 1096 1225 1151 posse,
1253 1076 1353 1155 qui
1382 1074 1633 1133 dominis
1669 1074 1929 1133 serviunt
1965 1072 2225 1151 ejusdem
2250 1072 2444 1131 curiae.
2512 1072 2715 1149 Popu-'

244 1152 398 1211 lares
426 1153 578 1210 enim
608 1153 890 1212 dicuntur
915 1154 1090 1213 etiam
1120 1156 1290 1223 servi,
1379 1152 1434 1211 ui
1483 1152 1731 1211 dominis
1758 1152 1957 1230 populi
1988 1152 2247 1229 ejusdem
2289 1150 2543 1209 serviunt
2568 1172 2584 1207 z
2626 1150 2709 1207 ita

245 1230 398 1287 enim
426 1232 778 1289 sumendum
807 1232 951 1291 illud
981 1244 1146 1309 put0,
1179 1237 1320 1291 Act.
1383 1274 1400 1289 .
1427 1250 1589 1290 scen.
1619 1232 1663 1287 1.
1712 1230 1943 1289 Amicus
1978 1251 2222 1289 summus
2262 1250 2412 1288 meus
2439 1238 2491 1287 et
2528 1248 2708 1307 popu·

245 1306 388 1369 laris
415 1310 583 1367 Geta.
667 1310 976 1369 Palliatam
1005 1311 1158 1369 enim
1189 1330 1314 1369 esse
1334 1308 1589 1369 fabulam
1616 1308 1940 1366 meminisse
1968 1308 2267 1376 debemus,
2296 1308 2710 1385 civitatemque

250 1386 674 1445 Atheniensem
706 1388 762 1445 in
792 1388 1008 1465 ὸὴμους,
1039 1389 1154 1447 hoc
1177 1400 1287 1459 est,
1316 1380 1571 1466 populos
1596 1385 1832 1444 divisam
1863 1384 2061 1453 fuisse,
2086 1386 2573 1464 quemadmodum
2604 1384 2707 1442 ho-

246 1459 344 1521 die
372 1476 462 1537 est
490 1464 842 1523 Florentina.
905 1466 1056 1523 Nam
1083 1478 1292 1543 putare
1313 1467 1448 1524 ideo
1471 1466 1510 1523 ὲ
1540 1466 1709 1523 Davo
1737 1464 2073 1541 popularem
2098 1464 2309 1521 Getam
2333 1464 2709 1541 appellatum,

247 1540 408 1618 quod
439 1554 636 1600 essent
661 1544 908 1602 nationis
937 1544 1226 1621 ejusdem,
1257 1544 1416 1621 quod
1443 1543 1747 1620 interpreti
1778 1542 1948 1601 video
1991 1541 2296 1619 placuisse,
2324 1542 2594 1618 ignorare
2622 1552 2713 1600 est

246 1611 494 1696 populos
521 1619 698 1679 fuisse
726 1622 988 1681 diversos
1025 1616 1214 1682 Getas
1243 1636 1304 1679 et
1334 1622 1553 1689 Davos,
1604 1632 1663 1679 et
1709 1620 1886 1677 servis
1930 1620 2161 1677 nomina
2189 1620 2311 1679 dari
2338 1619 2507 1679 solita
2534 1621 2607 1677 ab
2636 1639 2709 1677 eo

245 1698 466 1775 populo
511 1700 665 1758 unde
693 1713 848 1759 esset
875 1697 1150 1780 quisque.
1230 1700 1513 1759 Diversus
1546 1711 1745 1757 autem
1785 1696 2260 1775 fuisse'populos,
2307 1699 2517 1757 Strabo
2558 1697 2709 1757 libro

247 1776 860 1852 septimo·his‚verbis
902 1792 1188 1857 testatur:
1235 1778 1369 1835 Fuit
1401 1790 1460 1853 et
1499 1776 1612 1833 alia
1654 1776 1906 1851 regionis
1947 1776 2149 1834 divisio
2179 1796 2253 1835 ex
2282 1776 2531 1855 antiquis
2586 1796 2713 1853 per-

246 1872 492 1911 manens
521 1856 901 1932 temporibus,
931 1857 1074 1917 alios
1104 1858 1258 1917 enim
1289 1856 1512 1925 DacoS,
1560 1854 1705 1913 alios
1738 1854 1923 1913 Getas
1970 1855 2288 1933 appellant.
2369 1856 2553 1913 Getas
2582 1852 2711 1931 qui-

249 1930 385 2007 dem
413 1931 516 2009 qui
547 1932 622 1989 ad
651 1930 902 1992 Pontum
938 1936 995 1993 in
1039 1935 1322 1995 orientem
1356 1946 1623 2011 vergunt,
1656 1932 1855 1990 Dacos
1893 1945 2087 1989 autem
2136 1931 2236 2009 qui
2280 1931 2337 1988 in
2380 1932 2711 2009 oppositum

247 2006 455 2065 versus
483 2009 858 2068 Germaniam
902 2024 961 2071 et
1001 2014 1076 2072 ad
1105 2014 1244 2073 Istri
1272 2012 1482 2082 fontes,
1527 2032 1675 2090 quos
1716 2010 1853 2089 olim
1896 2010 2096 2068 Davos
2122 2022 2362 2069 vocatos
2396 2029 2522 2067 esse
2566 2028 2714 2066 reor.

253 2086 355 2143 Ex
386 2103 508 2162 quo
533 2086 692 2161 apud
723 2088 1112 2149 Athenienses
1137 2092 1433 2149 Davorum
1461 2102 1522 2149 et
1552 2090 1839 2149 Getarum
1876 2087 2113 2147 nomina
2150 2087 2379 2147 servilia
2402 2084 2715 2165 plurimum

251 2164 659 2221 abundabant.
701 2226 706 2231 ‚
741 2164 878 2223 Hoc
905 2170 1046 2227 sane
1075 2167 1404 2227 credibilius
1431 2182 1543 2237 est,
1572 2168 1747 2246 quam
1775 2168 1811 2223 εὶ
1840 2166 2193 2243 Scytharum
2234 2177 2413 2244 gente
2449 2163 2716 2236 derivari,

249 2260 406 2318 quos
435 2242 598 2299 Daas
640 2256 884 2302 vocant:
927 2246 1102 2325 longe
1133 2247 1288 2307 enim
1317 2246 1398 2304 illi
1427 2248 1502 2305 ad
1538 2244 1897 2324 Hyrcaniam
1945 2244 2116 2322 positi
2159 2254 2314 2313 sunt,
2362 2263 2474 2303 nec
2519 2263 2596 2300 ex
2641 2263 2713 2302 eo

249 2319 388 2377 loco
430 2318 698 2379 Athenas
739 2324 1030 2401 mancipia
1071 2325 1381 2403 deportata
1426 2325 1751 2401 putandum
1800 2336 1908 2382 est.
2010 2324 2161 2381 Haec
2208 2323 2437 2381 Strabo,
2522 2322 2713 2400 Regio

246 2416 391 2474 ergo
419 2396 624 2455 eadem
655 2412 780 2459 erat
807 2414 869 2459 et
897 2404 1218 2473 Davorum,
1249 2417 1310 2461 et
1337 2404 1646 2467 Getarum.
1676 2418 1737 2462 et
1762 2402 1839 2459 lin
1888 2420 1961 2460 ua
1978 2402 2201 2469 eadem,
2224 2400 2715 2479 quemadmodum

247 2478 376 2553 post
407 2477 584 2553 paul&
608 2478 808 2537 scribit
837 2480 994 2539 idem
1025 2484 1280 2549 Strabo;
1320 2482 1567 2558 proinde
1604 2500 1749 2559 gens
1777 2500 1845 2540 ea
1882 2481 2001 2549 em,
2034 2482 2135 2541 sed
2164 2482 2219 2541 in
2250 2482 2497 2559 populos
2526 2480 2714 2541 varios

246 2553 465 2613 divisa:
509 2575 700 2635 neque
765 2558 988 2617 rotinus
1013 2560 1278 2637 ejusdem
1307 2560 1506 2638 populi
1538 2562 1655 2638 dici
1682 2560 1917 2629 debent,
1940 2560 2040 2639 qui
2062 2560 2317 2639 ejusdem
2346 2559 2535 2637 gentis
2556 2572 2713 2630 sunt,

243 2644 304 2691 et
331 2632 604 2693 nationis.
742 2640 964 2695 tscena
979 2638 1248 2715 septima.
1301 2639 1410 2697 ,In
1437 2640 1799 2719 angiportum
1818 2640 1973 2713 hoca]
2020 2638 2351 2716 Priscianus
2374 2638 2519 2719 legit
2544 2638 2713 2710 hunc,

243 2721 311 2767 ut
361 2714 578 2788 probet
621 2713 796 2772 etiam
852 2736 1074 2794 genere
1120 2715 1448 2775 masculino
1491 2719 1851 2797 angiportum
1889 2716 2148 2797 reperiri.
2204 2718 2311 2785 ,Et
2338 2722 2712 2783 scena-nona.

241 2786 324 2847 D.
361 2790 460 2875 ⁸Ut
488 2789 638 2851 voles
637 2793 856 2869 ficiet.
940 2794 1018 2853 N.
1046 2792 1159 2855 imo
1189 2804 1251 2854 ut
1257 2799 1394 2873 jam
1419 2796 1617 2873 scias-J
1666 2794 1751 2877 Et.
1768 2795 1879 2859 imb
1906 2807 1989 2871 ut,
2016 2787 2361 2878 anapaestus.

763 3019 1042 3135 JUL'II
1095 3014 1573 3115 cAEs‘ARI's
1627 3039 2205 3116 scALIGERI

515 3168 872 3257 11111111
931 3176 1060 3235 DE
1109 3178 1532 3259 ‘comem
1597 3179 2415 3241 DIMENsloNlssUS.

933 3327 941 3337 ·
1039 3296 1139 3353 Ad
1165 3296 1949 3380 Silvium'CoesaremfiIium.

325 3393 842 3483 quatis-artibus
861 3386 1165 3475 poetarum
1187 3400 1422 3479 ingenia
1443 3406 1880 3473 excolerentur,
1902 3402 2034 3462 cum
2056 3418 2207 3463 esset
2238 3402 2272 3460 a
2300 3402 2467 3461 nobis
2487 3402 2717 3465 duobus

241 3468 408 3561 libris
454 3473 815 3563 explicatum
844 3499 859 3543 ;
900 3495 1015 3533 non
1043 3478 1207 3555 prius
1227 3482 1578 3553 ⁴absolutum
1623 3482 1801 3541 fuisse
1849 3503 1995 3560 opus
2022 3482 2163 3541 illud
2193 3484 2516 3553 videbatur,
2546 3482 2717 3562 quam

244 3546 448 3607 addita
477 3550 554 3608 de
581 3554 842 3611 versibus
870 3555 1112 3613 comicis
1139 3562 1632 3618 commentatione
1660 3560 1985 3619 institutum
2016 3574 2364 3620 teneremuS.
2406 3562 2558 3621 Nam
2578 3563 2719 3621 cum

247 3624 599 3717 dte-origine,
629 3630 964 3721 generibus,
995 3634 1258 3709 partibus
1284 3637 1633 3706 fabularum,
1664 3659 1795 3717 quae
1822 3638 1879 3695 in
1907 3658 2141 3698 scenam
2166 3640 2527 3706 afferrentur,
2554 3652 2615 3699 et
2642 3643 2717 3701 ab

249 3702 374 3761 alus
402 3705 561 3775 olim,
590 3720 652 3765 et
679 3708 716 3763 a
741 3710 910 3798 nobis
949 3711 1089 3787 ipsis
1129 3732 1237 3772 suo
1277 3713 1412 3772 loco
1449 3720 1525 3775 sit
1559 3716 1956 3794 disputatum:
1998 3717 2057 3774 in
2107 3718 2299 3776 animo
2340 3720 2718 3791 habebamus,

250 3792 442 3869 totum
469 3784 582 3843 hoc
611 3798 912 3876 negotium
958 3788 1157 3867 legare
1200 3792 1288 3858 iis,
1339 3792 1438 3870 qui
1481 3794 1556 3852 de
1599 3795 1815 3871 pedum
1855 3796 2201 3875 quantitate,
2229 3798 2421 3875 deque
2448 3817 2721 3856 versuum

252 3870 478 3947 ratione
507 3878 993 3956 conscripserant.
1079 3866 1296 3926 Verum
1327 3870 1462 3928 cum
1491 3883 1554 3930 et
1580 3874 1868 3932 maximus
1896 3874 1981 3931 vir
2010 3874 2311 3945 Erasmus,
2337 3886 2399 3933 et
2425 3886 2559 3953 post
2584 3896 2721 3935 eum

252 3934 520 4013 plerique
545 3940 640 4029 alu
685 3954 768 3999 ita
815 3942 967 4003 hanc
1010 3946 1306 4005 conficere
1349 3950 1705 4026 provinciam
1742 3952 2004 4030 aggressi
2042 3952 2178 4022 sint,
2221 3966 2288 4013 ut
2328 3953 2423 4011 ille
2467 3953 2556 4012 his
2604 3972 2723 4013 non

250 4030 450 4090 pauca
477 4016 791 4109 reliquisse,
814 4022 958 4110 111111
989 4024 1193 4082 eadem
1222 4025 1324 4084 illa
1349 4040 1453 4086 aut
1481 4029 1754 4099 nescisse,
1783 4044 1886 4090 aut
1915 4033 2240 4107 praeterisse
2260 4030 2365 4089 visi
2384 4031 2519 4103 sint,
2550 4052 2722 4093 coac-

249 4102 350 4149 tus
379 4109 532 4159 sum,
564 4094 795 4183 §ilmole
823 4097 926 4168 611,
955 4100 1066 4159 hac
1084 4121 1320 4182 quoque
1343 4108 1523 4182 opera
1545 4107 1853 4167 ostendere
1881 4108 2134 4168 animum
2164 4129 2305 4187 erga
2332 4123 2392 4169 te
2421 4122 2680 4170 nostrum
2704 4132 2723 4170 a

249 4180 319 4227 ut
353 4188 534 4249 quem
563 4190 620 4261 ¹.¹¹
647 4172 838 4233 locum
867 4191 1090 4268 naturae
1117 4200 1230 4258 ope
1260 4182 1508 4259 teipsum
1538 4186 1787 4243 evehere
1816 4186 2184 4256 mirabamur,
2215 4189 2425 4249 nostris
2452 4188 2723 4269 auspiciis

244 4266 606 4339 promoveri,
637 4268 707 4309 ac
734 4271 1038 4343 provenire
1068 4258 1140 4316 eo
1168 4260 1371 4337 possis.
1441 4261 1591 4319 Nam
1622 4261 1753 4320 cum
1787 4265 2221 4343 pernecessaria
2248 4288 2352 4344 per
2372 4288 2434 4327 se
2462 4266 2722 4343 cognitio

247 4338 341 4385 est
372 4346 518 4404 ipsa,
552 4338 676 4385 tum
708 4342 878 4389 etlam
900 4335 946 4392 si
971 4354 1086 4393 non
1118 4348 1292 4405 esset,
1322 4337 1593 4397 videntur
1612 4353 1805 4399 tamen
1836 4342 1939 4400 viri
1962 4344 2045 4400 illi
2073 4344 2244 4406 talem
2276 4344 2533 4403 effecisse
2553 4363 2569 4396 ε
2598 4342 2721 4397 sive

241 4402 318 4463 ad
343 4424 550 4464 eorum
581 4408 1042 4486 magnitudinem
1071 4414 1358 4487 intueare,
1388 4436 1571 4495 (11111111ί
1589 4418 1663 4477 ad
1694 4420 2020 4496 hujusmodi
2048 4421 2507 4484 lucubrationem
2538 4416 2725 4473 demi-

239 4482 495 4622 szsnspntt
539 4484 666 4546 sive
705 4488 1128 4569 negligentiam
1165 4502 1420 4571 spectes,
1454 4498 1571 4573 qua
1608 4497 1867 4559 mutilam
1897 4500 2389 4577 depravatamque
2430 4496 2725 4594 relinque?

1403 4634 1431 4652 Q
