3067 4959
417 300 432 337 ²
1131 315 1797 391 ‚TER.ENT1ANA.
1836 330 1847 339 ·
2614 318 2733 385 lixx

227 478 396 537 nium
425 477 942 549 Terentianarum,
967 475 1050 537 ad
1063 492 1392 537 sermonem
1413 476 1821 555 quotidianum·
1834 473 2011 554 quam
2036 474 2305 613 proxime
2329 476 2559 537 accedit
2574 492 2595 535 ε
2616 488 2731 539 est-

229 569 438 623 tamen
465 558 528 615 in
557 560 634 623 ea
656 556 1012 617 senariorum
1042 555 1174 634 plus
1199 556 1585 631 tertiaparte.
1668 558 1753 614 At
1783 554 2007 624 contra,
2088 554 2311 616 lautina
2330 556 2709 634 Amphitruo,

229 648 298 694 et
332 636 606 701 Rudens,
624 635 726 693 vix
754 646 910 693 totus
937 634 1226 711 quadrans
1253 632 1527 710 expletur
1554 633 1810 697 senariis.
1893 631 2181 699 Asinaria,
2208 633 2511 710 Epidicus,
2576 652 2711 693 uam

233 724 563 791 tantopere
585 713 710 791 ipse
727 724 894 773 autor
911 712 1131 779 laudat,
1153 710 1534 778 Mostellaria,
1561 711 1938 780 Menaechmi,
1962 710 2158 778 Miles,
2182 710 2505 780 Mercator,
2579 730 2711 771 seu·

233 790 436 860 dolus,
467 791 796 860 Aulularia,
839 790 1070 855 Casina,
1102 788 1418 866 Gurgulio,
1461 788 1811 859 Bacchides,
1840 799 1942 848 aut
1968 808 2044 848 ex
2073 789 2337 865 utrisque
2374 788 2541 867 aeque
2570 808 2713 847 con·

236 880 428 937 stant,
447 881 556 927 aut
583 869 756 929 etiam
779 868 968 927 minus
989 868 1206 925 babent
1232 865 1612 925 senariorum.
1681 866 1911 944 Captivi
1932 867 2090 936 vero,
2114 878 2175 925 et
2196 866 2399 935 Persa,
2415 877 2478 924 et
2499 866 2713 925 Poenu·

235 947 358 1015 lus,
389 947 528 1023 plus
553 947 798 1007 dimidio
823 959 1008 1005 texta:
1031 957 1168 1003 sunt
1205 944 1412 1019 longis.
1495 945 1873 1003 Trinummus
1912 945 2218 1023 legebatur
2259 943 2545 1003 hactenus
2584 956 2715 1003 tota

235 1024 568 1102 quadratis,
597 1037 698 1084 aut
727 1044 844 1083 non
873 1024 1056 1082 multo
1082 1022 1460 1081 brevioribus.
1546 1024 1691 1082 Eam
1720 1043 1827 1081 nos
1844 1023 1926 1081 ita
1947 1022 2303 1081 restituimus
2322 1020 2579 1099 pristinae
2598 1021 2715 1080 sin·

235 1102 498 1173 ceritati,
530 1114 594 1161 ut
622 1104 696 1162 ad
727 1104 1079 1181 quingentos
1105 1100 1362 1159 senarios
1403 1102 1855 1161 excusserimus.
1939 1102 2202 1166 Quorum
2246 1112 2439 1159 tamen
2466 1118 2711 1159 numero

237 1190 524 1258 praestant
548 1180 710 1259 longi
741 1200 942 1241 versus
969 1178 1162 1257 dupl6.
1243 1181 1434 1243 Quam
1463 1198 1699 1255 operam
1729 1178 1905 1237 etiam
1932 1177 2069 1237 cum
2099 1177 2465 1237 Truculento
2488 1177 2711 1255 impen-
2736 1178 2745 1183 '

241 1259 528 1319 dissemus
553 1280 570 1317 :
619 1259 800 1337 paule
849 1256 1040 1315 minus
1086 1256 1356 1314 ducentis
1393 1256 1741 1321 reformatis,
1782 1268 2002 1316 tantam
2016 1256 2359 1333 ‘longiorum
2387 1255 2710 1315 invenimus

237 1336 698 1407 multitudinem,
718 1336 814 1395 vix
837 1348 901 1393 ut
917 1336 1146 1393 illorum
1170 1334 1230 1390 hi
1249 1346 1444 1392 essent
1461 1354 1597 1412 pars
1612 1335 1834 1413 quinta.
1882 1334 2156 1412 Atqueis
2172 1334 2339 1392 labor
2355 1351 2472 1390 non
2490 1343 2731 1393 temere.

239 1426 557 1491 susceptus
584 1426 708 1473 est:
753 1414 892 1473 cum
934 1425 1052 1472 tam
1080 1411 1254 1469 facile
1283 1412 1649 1470 mendacium
1679 1412 2021 1477 Quintiliani
2050 1412 2364 1471 autoritate
2393 1423 2731 1489 tegeretur..

250 1494 402 1551 Nam
433 1491 526 1549 isti
554 1492 748 1569 magni
778 1492 903 1562 viri,
935 1490 1073 1549 dum
1103 1489 1245 1546 nihil
1270 1490 1645 1548 inexcussum
1667 1491 1888 1558 volunt,
1911 1502 1973 1548 et
1993 1488 2298 1549 fastidiunt
2322 1490 2558 1558 leviora,
2580 1489 2713 1567 plus

247 1570 518 1648 profecto
537 1570 785 1628 nominis
805 1581 1107 1647 usurpant,
1131 1568 1306 1646 quam
1328 1579 1553 1645 ponunt
1577 1587 1788 1646 operoe.
1856 1568 2363 1634 Quemadmodum
2382 1567 2714 1627 Priscianus

251 1668 506 1726 quoque,
533 1649 630 1707 cui
660 1648 736 1707 de
764 1659 1062 1726 anapaesto
1091 1647 1384 1704 sententia
1425 1644 1651 1704 excidit
1690 1645 1830 1703 satis
1870 1646 2138 1716 absurda,
2183 1645 2323 1705 cum
2350 1645 2534 1703 dixit:
2582 1644 2715 1705 Erit

247 1739 442 1784 autem
463 1727 779 1805 probabilis
796 1726 1079 1785 iambicus
1097 1743 1318 1793 versus,
1331 1736 1393 1782 et
1411 1722 1713 1801 tragoediis
1730 1734 1921 1801 aptus,
1938 1724 1984 1783 si
2001 1724 2345 1791 secundum,
2364 1735 2426 1782 et
2440 1735 2715 1802 quartum

249 1804 482 1883 pedem,
531 1824 650 1863 non
696 1804 840 1863 alios
887 1804 1120 1870 seceris,
1171 1802 1346 1879 quam
1385 1802 1631 1871 iambos,
1672 1811 1774 1859 aut
1815 1822 1969 1870 eum,
1998 1801 2099 1879 qui
2125 1800 2453 1859 tribrachus
2474 1812 2584 1871 est,
2612 1812 2714 1861 aut

250 1896 584 1960 anapaestus
605 1904 622 1939 :
665 1882 937 1960 quoniam
967 1892 1105 1939 sunt
1132 1899 1318 1959 pares.
1401 1881 1538 1945 Qua
1563 1878 1716 1938 enim
1748 1879 1997 1939 audacia
2018 1878 2203 1937 fretus
2230 1890 2585 1956 anapaestum
2612 1878 2718 1936 tri-

255 1961 482 2019 bracho
509 1971 708 2036 p'arem
739 1959 888 2017 dixit
907 1960 936 2015 ἓ
1019 1958 1172 2017 Nam
1211 1956 1368 2035 quod
1407 1958 1490 2016 ait
1533 1959 1772 2033 paribus
1810 1955 2048 2015 sedibus
2091 1968 2451 2035 anapaestum
2494 1955 2713 2034 recipi:

256 2056 467 2097 verum
495 2050 604 2095 est.
688 2037 788 2095 Sic
815 2038 964 2095 enim
992 2036 1048 2093 in
1078 2037 1258 2094 Pluto
1287 2035 1697 2114 Aristophanis
1716 2056 1733 2091 ε

514 2133 610 2184 Ὧς
689 2130 856 2191 quain
875 2128 1058 2196 πρᾶγμ’
1079 2130 1207 2187 inlu,
1233 2127 1269 2177 ὅ
1289 2131 1372 2179 Ζιῧ
1389 2131 1466 2179 sd
1487 2130 1597 2180 θεοῖ.

253 2197 341 2255 Et
368 2195 460 2255 bis
489 2194 547 2253 in
577 2215 650 2253 eo
693 2215 782 2252 em
813 2214 980 2253 versu
1003 2215 1020 2249 ε

517 2271 610 2321 on’
629 2273 900 2339 &Eu-giren·
917 2274 961 2321 ι’
981 2274 1060 2321 aba
1081 2269 1246 2321 ἴδσκοω
1264 2270 1320 2335 μ’
1342 2273 1440 2339 0²ng
1458 2272 1543 2321 1η.

341 2338 562 2398 Verum
591 2338 708 2397 hoc
735 2350 824 2397 est
849 2336 931 2396 illi
959 2338 1108 2397 adeo
1131 2338 1428 2415 frequens,
1455 2350 1520 2396 ut
1545 2338 1739 2398 nullus
1766 2336 1956 2417 pudor
1976 2335 2203 2397 Latinis
2220 2334 2297 2395 sit
2312 2338 2437 2414 jam
2464 2334 2719 2403 futurus.

250 2418 464 2498 quibus
488 2417 704 2495 linguae
731 2415 880 2474 ratio
905 2415 1195 2494 persuasit
1223 2436 1297 2473 ne
1317 2416 1434 2475 hoc
1461 2416 1747 2476 attentius
1768 2427 2072 2475 curarent:
2102 2414 2419 2493 praesertim
2442 2413 2577 2473 cum
2597 2427 2715 2475 tra-

251 2496 460 2575 goedia·
477 2515 594 2587 <juo
639 2514 714 2553 ue
739 2494 854 2553 boc
880 2494 1196 2561 admiserit,
1225 2492 1462 2571 gravius
1500 2494 1639 2553 sane
1680 2514 1753 2555 ao
1798 2494 1971 2573 longe
2017 2494 2233 2554 castius
2277 2500 2503 2572 poema.
2586 2494 2729 2554 Oli-¹

247 2586 572 2711 segvenuor
645 2572 961 2652 opbocles:
1009 2572 1326 2650 Euripides
1353 2570 1548 2631 minus
1576 2573 1906 2633 obnoxius:
1933 2592 2066 2633 nam
2094 2571 2287 2632 minus
2312 2572 2579 2653 pepercit
2604 2571 2715 2633 illis

248 2671 312 2711 se
353 2652 518 2713 ibus:

505 2730 728 2779 run-2
743 2728 783 2778 ³·
799 2730 976 2797 {ruem}
995 2727 1148 2789 ταγὲ,
1170 2724 1261 2775 ἷῧῖ·
1282 2728 1362 2780 eie
1383 2727 1539 2793 φξενὸσ.

250 2794 336 2853 Et
359 2794 419 2853 in
449 2796 740 2855 Hecuba:

509 2874 560 2921 ἱ·
584 2874 621 2921 u'
641 2873 817 2939 ηεαρδ,
836 2873 989 2936 {xum
1011 2870 1150 2920 «ἄπ’
1175 2868 1232 2918 lv
1253 2868 1494 2935 ὅςπάνυ-υς
1519 2871 1625 2935 ixa.
2640 2883 2647 2893 ¹

329 2937 428 3026 Ne
472 2956 549 2996 ue
574 2937 768 2996 solum
793 2948 1152 3016 anapaestum
1175 2934 1415 3013 paribus
1441 2938 1679 2997 sedibus
1706 2937 1899 3015 posuit
1924 2936 2055 3007 illis,
2082 2935 2186 2995 sed
2214 2930 2389 2995 etiam
2406 2934 2468 2993 in
2489 2933 2712 3007 ultima,

250 3026 322 3073 ut
347 3034 408 3071 m
501 3027 690 3073 reste:

522 3092 781 3155 Διήουςγὸς·
809 3089 936 3156 οἵως
955 3092 1036 3139 aa)
1053 3091 1168 3151 μὸνοι
1190 3091 1358 3151 «eitam
1379 3090 1522 3140 τίλιι·

333 3156 536 3221 Quem
565 3154 612 3211 si
641 3154 973 3229 tribrachyn
991 3174 1184 3227 voces,
1205 3156 1486 3234 syllabam
1511 3174 1672 3216 nunc
1700 3153 1996 3235 respicias,
2025 3172 2143 3213 non
2165 3153 2357 3231 legem
2378 3151 2573 3221 illam;
2598 3150 2716 3228 qua

255 3233 468 3292 ultima
493 3232 744 3291 habetur
765 3230 1114 3291 indifferens.

338 3310 622 3371 Erasmus
649 3323 844 3369 autem
873 3311 1034 3369 recte
1059 3310 1294 3372 sedibus
1335 3312 1651 3391 imparibus
1692 3312 1947 3383 dicebat,
1998 3328 2107 3389 pro
2150 3308 2365 3379 iambo,
2409 3316 2715 3385 receptum

251 3388 619 3469 spondeum,
670 3388 990 3467 dactylum,
1035 3389 1395 3469 tribrachyn,
1443 3403 1838 3469 anapaestum:
1884 3385 2471 3469 proceleusmaticum
2517 3398 2713 3445 autem

252 3467 468 3537 omisit,
497 3468 774 3548 quoniam
804 3467 1121 3527 excidisset
1161 3468 1476 3527 memoria:
1519 3482 1583 3527 et
1622 3469 1927 3540 creticum,
1969 3487 2143 3548 quem
2169 3466 2310 3526 sane
2379 3475 2571 3523 utaret
2596 3484 2714 3523 non

253 3546 504 3606 admitti.
587 3548 742 3606 Nam
771 3546 821 3605 si
860 3546 1075 3609 ineam
1104 3548 1304 3606 sedem
1333 3566 1504 3626 posse
1530 3547 1715 3625 recipi
1753 3549 2063 3626 sperasset,
2104 3565 2223 3605 non
2250 3564 2349 3602 mu
2374 3555 2434 3601 ta
2458 3543 2719 3603 carmina

255 3624 655 3684 subvertisset.
723 3624 1292 3685 Proceleusmaticus
1318 3638 1514 3683 autem
1534 3625 1803 3703 proxime
1829 3624 1903 3684 ad
1924 3636 2193 3683 naturam
2215 3622 2434 3699 dactyli
2461 3621 2715 3692 accedit,

254 3702 526 3762 differens
549 3702 908 3781 syllabarum
933 3720 1198 3773 numero,
1220 3715 1549 3782 temporum
1580 3703 1863 3762 tractibus
1888 3722 2011 3781 par.
2080 3702 2295 3761 Tribus
2312 3711 2507 3758 autem
2530 3700 2717 3758 modis

257 3780 552 3857 excipitur
597 3800 704 3858 pes
750 3780 870 3839 ille.
953 3784 1080 3839 Aut
1120 3781 1272 3839 enim
1315 3782 1506 3839 mollis
1531 3793 1641 3851 est,
1668 3793 1847 3860 atque
1873 3778 2239 3839 adminiculis
2309 3777 2612 3835 uibusdam
2639 3776 2719 3835 si-

257 3856 450 3915 milior
471 3860 665 3918 factus
691 3858 966 3937 dactylo:
1002 3872 1088 3929 ut,
1117 3862 1322 3917 Genua
1348 3859 1545 3917 labant
1566 3882 1587 3918 .-
1617 3860 1796 3918 ariete
1815 3882 1839 3918 .-
1874 3858 2207 3938 parietilms.
2350 3856 2536 3915 uabus
2562 3855 2719 3915 enim

260 3934 560 3995 vocalibus
586 3937 942 4006 constitutis,
963 3939 1122 4015 prior
1143 3937 1517 3997 consonantis
1540 3937 1653 3995 vim
1676 3937 1969 4017 quandam
1988 3936 2221 3995 videtur
2240 3933 2523 4001 obtinere.
2592 3937 2723 3994 Aut

259 4022 354 4071 est
381 4014 652 4090 apertior,
679 4025 745 4074 ut
772 4016 832 4073 in
857 4034 1031 4074 versu
1061 4016 1367 4074 Enniano:

271 4103 283 4115 ·
521 4088 750 4154 Capitibus
771 4095 970 4141 nutantis
987 4094 1134 4156 finus,
1159 4102 1394 4156 rectosque
1412 4108 1661 4156 cupressos.
1720 4090 1729 4113 ¹

257 4156 392 4213 Aut
437 4164 532 4213 est
577 4168 836 4227 coactus,
881 4158 1176 4236 ademptis
1213 4157 1671 4218 consonantibus
1710 4157 1923 4236 quibus
1958 4158 2313 4235 syllabarum
2337 4154 2593 4217 brevitas
2618 4157 2726 4216 im-

253 4233 532 4312 peditur:
561 4236 884 4309 cujusmodi
911 4248 1003 4295 est
1029 4238 1088 4293 in
1118 4236 1384 4295 Andrist:

519 4312 634 4359 Sine
652 4312 818 4363 invidia
833 4316 1012 4365 laudem
1034 4314 1258 4371 invenias,
1279 4324 1328 4363 et
1345 4317 1514 4365 amicos
1533 4330 1677 4378 pares.
2222 4336 2229 4343 ·

333 4376 428 4433 Ita
471 4394 550 4435 ue
578 4376 654 4434 ad
683 4395 816 4435 eum
842 4398 1074 4451 versum
1104 4378 1238 4438 cum
1270 4380 1601 4439 devenisset
1627 4378 1927 4450 Erasmus,
1968 4398 2163 4458 neque
2203 4390 2523 4459 agnoscere
2548 4373 2729 4431 vellet

248 4472 436 4531 proce
461 4454 872 4527 eusmaticum,
893 4478 1074 4537 quem
1101 4457 1160 4514 in
1189 4458 1308 4517 suis
1333 4458 1390 4516 le
1433 4459 1565 4516 ibus
1585 4477 1701 4518 non
1724 4458 2141 4528 constituisset,
2160 4470 2224 4517 et
2244 4459 2476 4537 putaret
2497 4447 2730 4508 durius·

249 4534 382 4593 cule
411 4532 566 4603 fieri,
595 4533 646 4601 si
664 4532 966 4595 AEolicum
993 4535 1290 4611 digamma
1308 4550 1386 4596 au
1409 4548 1660 4607 erretur,
1683 4548 1753 4593 ut
1770 4535 1963 4595 exiret
1990 4535 2573 4616 proceleusmaticus:
2603 4547 2729 4587 sus-

249 4612 384 4673 tulit
409 4624 636 4687 tamen,
667 4624 738 4676 ut
762 4614 1153 4694 exciperetur
1179 4613 1508 4677 tribrachus
1534 4614 1595 4673 in
1635 4613 1865 4677 duabus
1902 4610 2254 4693 primoribus
2292 4602 2531 4682 syllabis
2555 4606 2733 4683 hujus
