3067 4959
310 295 584 387 'imm
1229 314 1959 383 PRoLEGoMENA

347 481 526 551 Quod
545 480 684 543 cum
705 498 898 541 meum
921 496 1048 539 esse
1065 476 1296 546 vellem,
1317 494 1512 555 neque
1533 479 1733 538 conari
1749 496 1863 558 ego
1882 488 2082 539 tamen
2096 494 2311 569 magna
2330 494 2583 559 possem,
2600 478 2796 539 danda

345 561 487 620 mihi
515 580 695 640 opera
718 559 848 625 fuit,
875 556 990 615 tale
1029 555 1090 613 id
1129 554 1334 613 saltem
1363 566 1430 613 ut
1457 566 1633 626 esset,
1662 576 1781 636 quo
1820 576 2011 635 neque
2050 556 2282 635 digmus
2322 576 2436 635 ego
2476 556 2617 634 quid
2662 576 2794 617 uam

346 652 623 719 praestare
665 636 898 695 omnino
937 652 1186 711 possem,
1227 652 1420 723 neque
1446 634 1481 691 εὶ
1509 654 1603 693 me
1643 647 1709 693 tu
1736 638 1924 712 majus
1966 650 2333 713 exspectare.
2414 636 2569 695 Nam
2598 655 2734 694 cum
2760 637 2797 691 ὲ

391 738 532 778 uero
549 716 755 777 studiis
773 732 865 771 me
885 711 1182 771 literarum
1205 711 1515 783 dedissem,
1533 724 1597 771 et
1610 712 1794 772 literis
1810 713 2024 773 tradita
2038 714 2075 770 εὶ
2094 714 2387 774 veteribus
2404 725 2600 773 essent
2614 714 2797 773 multa

391 797 640 865 'vinitus,
668 810 798 871 quoe
825 786 1022 868 neque*
1045 790 1444 869 intelligendo,
1471 790 1686 849 nedum
1704 791 2008 861 imitando,
2030 811 2493 871 assequeremur,
2522 804 2794 871 essetque

345 873 673 951 intelligere
699 866 858 947 prius
885 888 1124 929 necesse
1146 888 1276 949 quae
1303 868 1481 928 velles
1507 869 1739 941 imitari,
1758 869 2087 949 intelligere
2107 884 2305 929 autem
2324 868 2463 929 sane
2480 889 2657 929 nemo
2674 891 2794 930 cor·

346 962 520 1029 rupta
541 960 756 1027 posset,
778 959 956 1026 atque
974 947 1323 1025 depravata:
1354 966 1593 1026 operam
1614 947 1938 1026 digniorem
1960 948 2199 1017 nullam,
2220 966 2395 1028 quam
2417 947 2655 1028 quidem
2682 969 2795 1026 ego

345 1046 559 1087 navare
573 1024 915 1105 potuissem,
934 1026 1148 1085 nullam
1167 1026 1245 1084 ad
1260 1027 1566 1085 vetustatis
1588 1026 2003 1105 cognitionem,
2022 1040 2085 1085 et
2106 1026 2509 1096 imitationem,
2528 1040 2649 1085 tam
2666 1047 2792 1087 esse

343 1103 728 1165 necessariam
757 1103 978 1183 putavi,
1008 1104 1184 1184 quam
1211 1120 1338 1163 eam
1409 1125 1498 1163 uoe
1529 1105 1589 1162 in
1618 1118 1879 1164 veterum
1906 1106 2139 1185 scriptis
2164 1104 2557 1175 recensendis,
2586 1126 2791 1185 recog·

343 1181 776 1259 noscendisque
811 1195 1144 1260 poneretur.
1225 1184 1320 1248 Qu
1442 1194 1510 1242 ut
1551 1194 1660 1252 est,
1702 1203 1819 1262 quo
1860 1185 1938 1243 ιιὸ
1976 1196 2039 1243 ιε
2073 1195 2284 1255 vertas,
2327 1183 2575 1243 arduum
2614 1195 2792 1263 atque

345 1261 578 1321 difficile
600 1283 617 1329 ς
639 1260 724 1319 ita
747 1262 808 1319 in
836 1260 1100 1319 Terentii
1127 1260 1447 1332 comoediis,
1469 1261 1619 1321 velle
1646 1262 1705 1320 id
1735 1263 1834 1341 qui
1878 1283 1989 1333 em,
2019 1262 2256 1341 plenum
2284 1275 2375 1321 est
2399 1262 2571 1320 bonae
2590 1263 2791 1321 volun·

343 1340 501 1411 tatis,
514 1348 808 1418 praestare,
819 1357 936 1397 non
953 1338 1061 1397 nisi
1083 1338 1315 1414 maj0ris
1331 1338 1633 1414 cujusdam
1652 1340 1889 1430 ingenii,
1902 1353 2079 1420 atque
2096 1342 2223 1419 ejus
2242 1339 2603 1411 eruditionis,
2616 1359 2790 1419 quam

344 1437 462 1477 non
490 1416 699 1494 recipit
719 1417 845 1476 haec
865 1428 1038 1475 aetas:
1068 1429 1202 1493 post
1228 1435 1328 1475 eos
1355 1418 1673 1493 praesertim
1694 1438 1863 1487 viros,
1887 1420 1986 1499 qui
2008 1420 2069 1477 in
2088 1422 2161 1477 ea
2183 1438 2245 1477 re
2260 1436 2380 1477 non
2398 1417 2787 1485 mediocriter,

341 1514 536 1574 neque
563 1494 874 1553 infeliciter
899 1494 1254 1555 laborarunt.
1337 1494 1544 1554 Tantae
1570 1494 1925 1556 difficultatis
1952 1500 2057 1557 bas
2092 1496 2323 1575 reperio
2363 1515 2588 1567 causas,
2630 1496 2789 1575 quod

343 1592 536 1634 sermo
554 1572 704 1651 pene
726 1584 817 1631 est
837 1572 1023 1631 oratio
1041 1572 1227 1630 omnis
1249 1571 1628 1643 comicorum,
1648 1573 1750 1652 qui
1768 1594 1832 1633 se
1850 1575 2145 1653 corrumpi
2160 1574 2335 1635 facile
2354 1576 2601 1653 patitur3
2628 1574 2788 1654 qudd

341 1672 514 1712 versu
531 1652 826 1719 conclusa,
852 1651 909 1707 in
929 1670 1044 1729 quo
1060 1650 1244 1708 intelli
1287 1651 1306 1707 i
1327 1650 1422 1707 vix
1445 1670 1722 1710 numerus
1742 1664 1956 1728 potest,
1976 1665 2155 1733 atque
2176 1673 2447 1713 mensura
2465 1653 2613 1713 adeo
2632 1652 2789 1712 varia

343 1742 454 1800 est,
482 1740 660 1808 atque
687 1728 994 1807 multiplex
1020 1754 1035 1797 ;
1117 1748 1206 1785 uae
1233 1748 1280 1787 ει
1309 1746 1426 1786 non
1455 1740 1692 1788 notatur
1712 1729 2043 1809 diligenter,
2065 1731 2294 1791 detrahi
2322 1732 2503 1792 multa
2522 1744 2785 1809 possunt,

342 1808 478 1869 addi
495 1826 730 1886 quoque
749 1807 986 1885 impune
1003 1826 1100 1865 mu
1125 1817 1203 1876 ta,
1225 1806 1358 1865 loco
1378 1806 1627 1885 plurima
1648 1809 1890 1867 moveri:
1922 1810 2079 1889 qued
2097 1821 2260 1870 tanta
2278 1810 2336 1869 in
2356 1830 2527 1869 exem
2572 1811 2786 1870 laribus

341 1887 610 1958 varietas,
629 1898 747 1947 tam
771 1886 928 1945 nulla
953 1884 1130 1943 fides:
1163 1885 1320 1961 quud
1339 1888 1460 1964 jam
1489 1886 1687 1945 multis
1712 1898 1873 1945 retro
1898 1888 2113 1948 seculis
2133 1888 2343 1948 author
2368 1889 2465 1947 hic
2482 1831 2785 1947 alibrariis

337 1965 518 2025 fuerit
546 1965 916 2043 depravatus,
944 1962 1124 2042 ipsius
1164 1964 1342 2022 etiam
1379 1964 1701 2035 Ciceronis,
1730 1976 1796 2023 ut
1835 1964 2033 2045 opinio
2072 1986 2203 2025 mea
2242 1978 2351 2038 est,
2380 1965 2783 2025 eruditissimis

339 2044 719 2123 temporibus,
749 2042 960 2123 quibus
980 2054 1146 2101 erant
1164 2040 1202 2097 ii
1225 2058 1444 2113 versus,
1467 2054 1532 2101 ut
1556 2042 1573 2099 i
1617 2062 1680 2101 se
1701 2046 1924 2117 scribit,
1950 2044 2326 2105 usitatissimi.
2368 2044 2439 2103 Id
2460 2057 2527 2102 ut
2548 2044 2784 2103 credam

337 2122 505 2191 facit,
527 2122 684 2200 quud
709 2122 784 2179 ab
810 2121 938 2211 ipso
964 2120 1194 2178 interim
1225 2120 1513 2179 Cicerone
1598 2122 1881 2181 erentiani
1911 2144 2112 2183 versus
2138 2124 2303 2183 multi
2329 2121 2479 2180 male
2507 2122 2783 2193 citantur,

344 2198 530 2283 qualis
557 2200 606 2257 is
632 2206 721 2256 est
747 2197 809 2254 in
833 2198 934 2255 ius
960 2197 1036 2255 ad
1066 2196 1385 2253 Lentulum
1411 2196 1661 2273 epistola
1683 2200 1857 2279 longe
1884 2202 2135 2282 optimu:

978 2296 1341 2347 luti-omittamus
1356 2310 1672 2360 comessatum,
1694 2314 1745 2353 tu
1768 2304 2061 2369 Pamphilam.

417 2391 560 2460 Ubi,
583 2399 942 2451 comes-catum
967 2386 1428 2463 intromittamus,
1449 2390 1749 2471 scripsisse
1778 2389 2117 2453 Terentium
2140 2387 2288 2448 ratio
2306 2384 2527 2445 indicat
2544 2390 2783 2451 senarii.

339 2475 438 2533 Ac
463 2470 676 2532 eodem
700 2468 835 2527 loco
861 2467 1014 2547 pust,

979 2562 1072 2613 Pu
1091 2565 1186 2628 pari
1203 2565 1378 2624 rel’erto,
1400 2570 1520 2632 quod
1542 2584 1641 2618 enm
1662 2568 1881 2617 mordeat.
2754 2598 2761 2607 ·

414 2648 559 2719 Ubi,
581 2657 648 2707 ut
665 2646 727 2704 id
747 2655 972 2705 taceam
994 2645 1154 2725 qudd
1177 2666 1284 2726 pro
1309 2651 1585 2720 mordeat,
1610 2648 1925 2709 remordeat
1946 2644 2207 2724 reposuit
2224 2642 2555 2704 felicissime
2576 2646 2713 2705 AEm
2758 2679 2784 2695 -

331 2727 447 2787 lius
483 2726 778 2795 Ferretus,
805 2742 1012 2802 parens
1043 2725 1190 2785 alter
1223 2746 1408 2800 meus,
1453 2727 1795 2807 (gratiorem
1836 2724 1941 2784 tibi
1981 2724 2168 2783 multd
2210 2742 2338 2785 esse
2364 2724 2509 2795 scio,
2540 2726 2719 2803 AEmy
2742 2726 2781 2795 i,

333 2804 570 2885 pietatis
589 2822 730 2881 erga
749 2813 809 2861 te
833 2820 997 2872 mete,
1028 2804 1200 2883 quam
1223 2806 1505 2866 doctrinae
1531 2816 1649 2865 tuae
1670 2822 1856 2863 meam
1876 2802 2395 2875 testificationem,)
2418 2802 2500 2872 id,
2522 2803 2779 2881 inquam,

331 2896 404 2943 ιιι
429 2892 676 2953 taceam,
704 2880 1014 2960 legendum
1043 2894 1169 2941 erat
1207 2896 1511 2961 praeterea,
1554 2886 1792 2963 Referte
1824 2902 1939 2962 par
1969 2883 2126 2975 pari.
2208 2882 2423 2961 Neque
2464 2882 2618 2940 enim
2660 2892 2779 2939 tro-

331 2962 582 3032 chaeum,
612 2978 784 3039 quem
813 2959 1088 3020 choreum
1119 2961 1328 3022 Cicero
1354 2976 1547 3034 vocat,
1576 2964 1615 3021 ii
1638 2980 1837 3022 versus
1864 2982 1984 3021 recl
2028 2961 2174 3035 iunt,
2202 2973 2270 3020 ut
2290 2980 2481 3040 neque
2500 2957 2779 3019 trochaici

327 3040 608 3101 iambum.
691 3038 977 3098 Afferrem
1005 3043 1132 3100 e'us
1157 3044 1388 3118 generis
1427 3043 1737 3121 permulta,
1778 3042 1826 3100 si
1868 3054 1929 3101 te
2014 3060 2263 3113 ocerem,
2306 3059 2422 3099 non
2464 3058 2777 3098 monerem.

329 3120 468 3181 Jam
503 3119 544 3183 ,ὲ
585 3118 781 3179 Nonio
819 3061 1129 3189 Marcello,
1175 3120 1348 3179 Festo
1391 3122 1693 3200 Pompeio,
1736 3120 2057 3193 Prisciano,
2085 3120 2255 3180 aliter
2283 3120 2537 3179 citantur
2576 3118 2776 3187 multa,

373 3196 508 3256 uam
535 3197 753 3275 scripta
777 3217 909 3257 esse
935 3197 972 3253 a
999 3198 1278 3256 Terentio
1317 3195 1394 3255 sit
1420 3200 1750 3259 verisimile.
1831 3200 1927 3260 Ne
1964 3198 2199 3277 longius
2226 3200 2421 3269 abeas,
2449 3210 2539 3256 est
2562 3196 2623 3257 in
2652 3198 2777 3253 An-

330 3218 473 3334 driae
493 3278 676 3339 scena
700 3275 886 3355 prims
911 3293 1109 3333 versus
1134 3274 1252 3344 hic,

965 3370 1077 3419 Sine
1095 3365 1262 3416 invidia
1281 3370 1458 3417 laudem
1475 3371 1693 3427 invenias,
1714 3378 1761 3418 et
1782 3371 1952 3418 amicos
1966 3384 2113 3432 pares.

326 3450 404 3519 In
431 3470 504 3519 eo
529 3472 662 3520 suas
689 3450 888 3513 nescio
909 3468 1055 3528 quas
1081 3447 1411 3508 collisiones
1430 3450 1892 3508 comminiscitur
1918 3448 2287 3507 Priscianus:
2332 3448 2431 3508 ubi
2458 3448 2505 3507 si
2530 3449 2713 3528 legas,

969 3552 1078 3599 Sine
1098 3550 1269 3601 invidis
1290 3552 1492 3599 invenias
1509 3552 1698 3607 laudem,
1721 3559 1767 3598 et
1788 3553 1956 3599 amicos
1976 3566 2121 3612 pares,

325 3644 515 3702 versui
543 3640 973 3708 cumulamine
995 3636 1114 3697 ullo
1133 3648 1238 3695 aut
1257 3636 1582 3707 sententiae,
1604 3647 1708 3696 aut
1724 3638 2041 3696 venustatis
2062 3638 2429 3696 detrimento.
2484 3638 2783 3715 Equidem

322 3739 624 3800 nunquam
653 3717 977 3777 existimavi
1005 3716 1114 3776 sua
1139 3720 1340 3791 poetas
1367 3714 1642 3773 libertate
1668 3728 1785 3773 tam
1816 3714 1903 3773 uti
1930 3714 2197 3785 libenter,
2230 3713 2403 3793 quam
2430 3718 2781 3777 necessari6.

325 3802 476 3864 Quae
503 3795 638 3855 cum
666 3806 728 3855 et
755 3796 880 3872 ipsa
917 3792 1034 3862 die,
1080 3802 1140 3849 et
1180 3810 1524 3867 magnorum
1564 3792 1818 3851 virorum
1859 3793 2204 3851 testimoniis
2246 3790 2589 3851 confirmata
2626 3792 2779 3855 sint=

323 3892 445 3935 non
487 3872 692 3931 dubito
733 3871 873 3949 quin
915 3888 1041 3936 nos,
1084 3868 1185 3946 qui
1225 3868 1294 3925 iis
1333 3868 1410 3928 de
1451 3870 1625 3929 rebus
1666 3870 1837 3929 aliter
1862 3871 2161 3939 sentimum
2192 3868 2598 3948 antiquitatem
2626 3876 2778 3943 serd,

321 3971 399 4011 ne
445 3968 518 4007 ue
558 3960 753 4007 tamen
795 3966 914 4006 non
954 3958 1194 4015 temere,
1249 3948 1681 4025 reprehendere
1720 3950 2039 4009 videamur.
2144 3950 2293 4009 Haec
2339 3968 2447 4006 nos
2488 3949 2775 4027 profectu,

323 4024 639 4089 Gmllelme
662 4025 867 4097 Bellai,
929 4045 1017 4083 uae
1036 4026 1096 4084 in
1114 4042 1314 4083 omnes
1333 4039 1527 4104 partes
1550 4027 1793 4105 periculi
1814 4041 1951 4087 sunt
1976 4028 2328 4107 plenissima,
2353 4026 2651 4088 deterrere
2674 4030 2774 4089 de-

319 4108 596 4172 buerunt,
615 4104 661 4161 si
678 4115 894 4182 praeter
953 4124 1120 4163 onam
1133 4104 1493 4182 voluptatem
1513 4106 1653 4163 nihil
1670 4106 1745 4165 ad
1764 4118 1982 4166 tantam
2003 4126 2123 4165 rem
2143 4105 2347 4164 afferre
2364 4106 2773 4184 potuissemus.

319 4190 410 4247 At
437 4182 574 4243 cum
601 4194 664 4241 et
689 4182 918 4242 infinita
944 4202 1050 4261 pro
1093 4183 1126 4243 ὲ
1145 4182 1312 4261 primi
1341 4203 1448 4243 nos
1477 4204 1607 4265 quae
1636 4196 1883 4263 egerent·
1908 4184 2293 4264 castigatione
2322 4183 2397 4242 de
2438 4185 2774 4245 rehenderi-

313 4284 466 4335 mue,
496 4272 556 4319 et
582 4262 656 4320 ab
685 4260 810 4319 aliis
851 4262 1040 4321 anima
1083 4280 1266 4332 versa,
1307 4282 1501 4342 neque
1544 4264 1645 4321 diu
1686 4264 1895 4334 minus,
1935 4282 2127 4342 neque
2154 4262 2345 4322 minus
2399 4276 2617 4323 ortasse
2644 4264 2773 4323 dili-

315 4355 527 4423 genter
555 4339 1066 4413 consideravimus,
1098 4352 1478 4432 nostrumque
1505 4361 1635 4401 esse
1661 4342 1899 4420 aliquod
1926 4341 2185 4421 potuerit
2210 4342 2278 4401 iis
2308 4344 2383 4401 de
2410 4344 2583 4401 rebu's
2614 4342 2772 4416 judi-

316 4422 492 4492 cium,
512 4419 599 4481 rei
619 4419 902 4479 interesse
920 4420 1190 4479 literariae
1208 4430 1430 4497 putavi,
1442 4420 1502 4478 id
1521 4421 1789 4481 omnibus
1810 4441 1917 4499 per
1936 4440 2031 4479 me
2050 4420 2177 4479 fieri
2194 4421 2368 4500 quam
2388 4419 2771 4477 notissimum.

315 4498 535 4555 Judicii
564 4510 762 4557 autem
792 4498 974 4557 nostri
1015 4516 1221 4559 causas
1261 4496 1374 4555 erit
1411 4498 1661 4560 fortasse
1703 4498 1841 4557 cum
1882 4499 2331 4579 explicabimus,
2361 4516 2509 4575 quos
2539 4498 2597 4555 in
2625 4516 2772 4574 prae-

315 4574 506 4633 sentia
531 4594 733 4637 omnes
762 4577 1053 4656 persequi,
1085 4589 1151 4636 ut
1177 4576 1351 4655 quam
1377 4576 1589 4639 infiniti
1616 4588 1773 4639 esset
1806 4578 2026 4641 laboris
2054 4590 2301 4647 taceam,
2331 4575 2579 4635 hominis
2606 4578 2772 4634 certe
